4786 5962
372 518 415 586 54
955 512 1042 583 Pillii
1070 514 1112 580 de
1140 513 1213 580 ord.
1242 511 1390 580 indieior.
1433 511 1470 578 P.
1486 510 1517 578 3.

375 723 440 782 ete.
460 706 511 804 ²³)
553 707 594 778 ln
621 707 778 778 seeundo
802 727 886 776 casu
910 702 1042 775 iurabit
1068 729 1132 800 per
1158 703 1387 795 advocatum,
1413 704 1446 776 si
1471 701 1643 795 voluerit,
1669 712 1710 774 ut
1735 701 1886 777 babetur
1913 705 1949 776 in
1974 704 2037 776 illo
2051 707 2098 778 X.

374 811 605 882 inhaerentes.
624 807 697 904 22),
739 805 796 880 vel
821 831 887 903 per
914 830 1164 896 oeconomum,
1197 816 1237 878 ut
1262 803 1415 878 babetur
1439 805 1476 876 in
1501 805 1549 878 Χ.
1575 807 1836 902 imperatorum.
1864 808 1962 878 etin
1989 807 2034 878 Χ.
2062 810 2098 877 in

374 910 630 1010 pertractandis
652 909 712 1008 ²⁵).
764 911 807 980 ln
829 908 940 980 tertio
962 933 1046 980 vero
1082 931 1165 978 easu
1199 905 1299 981 nullo
1332 906 1439 980 modo
1468 904 1620 998 iurabit,
1660 917 1700 980 ut
1726 905 1877 980 habetur
1902 909 1938 978 in
1964 908 2028 980 illo
2053 911 2099 982 Χ.

375 1016 496 1086 literas
512 1013 571 1111 22).
600 1051 650 1066 -
701 1009 773 1082 Sed
806 1008 913 1082 bodie
946 1008 1146 1081 indistinete
1180 1008 1327 1082 elerieus
1364 1011 1456 1082 iurat
1488 1008 1533 1082 de
1564 1009 1755 1102 calumnia,
1801 1010 1846 1085 de
1875 1035 2099 1110 quacumque

341 1141 413 1190 are
440 1128 521 1208 agat
547 1114 604 1186 vel
630 1139 697 1211 pro
726 1139 796 1211 qna
822 1113 1069 1204 conveniatur,
1105 1113 1179 1182 sive
1205 1111 1311 1183 luerit
1337 1135 1456 1184 eoram
1482 1111 1574 1184 civili
1601 1111 1714 1182 iudice
1740 1112 1814 1184 sive
1840 1137 1958 1184 eoram
1987 1114 2097 1185 eeole·

373 1219 517 1290 siastieo
535 1218 602 1308 27),
631 1215 809 1313 adquisita
836 1214 974 1286 lieentia
1001 1212 1137 1284 iurandi
1164 1239 1185 1283 a
1210 1239 1277 1285 suo
1305 1214 1463 1310 praelato
1491 1213 1549 1286 vel
1575 1211 1695 1286 babitu
1723 1239 1789 1310 pro
1815 1213 1988 1311 adquisita
2006 1215 2067 1308 22).

475 1319 522 1416 22)
574 1320 664 1389 ltem
691 1319 728 1388 in
756 1341 892 1387 summu
918 1315 1111 1388 notandum
1139 1328 1213 1407 est,
1255 1315 1352 1414 quod
1381 1315 1533 1412 simplex
1564 1327 1775 1412 procurator
1809 1317 1845 1386 in
1877 1317 1979 1386 unico
2015 1341 2097 1388 casu

247 1441 264 1479 ⁰
373 1420 513 1496 iurabit.
540 1431 582 1492 ut
606 1419 688 1512 big.
715 1417 760 1490 de
788 1418 903 1490 damn.
930 1414 1081 1509 16639,
1113 1412 1148 1487 2.
1175 1416 1200 1488 l.
1226 1420 1288 1515 qui
1312 1416 1416 1490 bona.
1434 1413 1494 1490 15.
1520 1413 1555 1517 ἓ.
1582 1418 1613 1489 si
1641 1415 1766 1490 alieno.
1786 1414 1848 1490 13.
1863 1416 1913 1512 22)
1930 1459 1980 1476 --
2012 1420 2098 1492 ltem

374 1523 644 1623 procuratorio
670 1545 744 1592 rem
770 1545 870 1592 suom
898 1520 1014 1592 faetus
1039 1520 1076 1589 in
1106 1519 1242 1590 aetione
1267 1517 1337 1590 sibi
1363 1545 1526 1592 eoneessa
1554 1505 1683 1590 iurabit
1707 1520 1752 1592 de
1779 1518 1968 1610 calumnia,
2010 1546 2097 1616 quo·

326 1643 359 1694 1⁰
376 1630 467 1698 niam
500 1649 575 1695 rem
606 1647 706 1693 suam
740 1635 777 1694 et
810 1647 879 1693 suo
915 1623 1052 1693 nomine
1088 1622 1171 1714 agit.
1208 1632 1249 1694 ut
1274 1621 1362 1694 cod.
1396 1621 1442 1694 de
1475 1633 1654 1718 procurat.
1666 1617 1705 1714 2,
1733 1618 1794 1693 15.
1823 1620 1845 1692 Ι.
1872 1623 1933 1719 qui
1962 1623 2097 1719 stipen-

373 1728 441 1800 dia.
453 1725 489 1798 Β.
505 1723 555 1823 22)
582 1737 618 1796 et
643 1748 715 1816 arg.
744 1724 833 1796 cod.
861 1723 905 1796 de
932 1723 1052 1796 donat.
1067 1718 1105 1814 8,
1130 1718 1193 1794 bl.
1222 1723 1247 1794 Ι.
1275 1723 1381 1796 illam.
1395 1721 1460 1796 35.
1476 1722 1525 1823 22)
1736 1746 1740 1751 ’

474 1831 521 1900 Et
544 1837 650 1918 uota,
688 1826 785 1923 quod
813 1827 843 1896 si
868 1825 996 1923 aliquis
1021 1825 1229 1917 litigantium
1258 1825 1302 1898 ad
1328 1825 1476 1900 iudicem
1505 1826 1623 1898 venire
1649 1825 1863 1922 nequiverit,
1905 1837 2097 1921 occupatus

372 1932 466 2002 l'orte
491 1927 618 1999 morbo
641 1927 698 1998 vel
722 1927 793 2000 alio
819 1926 925 2000 modo
953 1926 1163 2023 impeditus,
1203 1939 1362 2024 praestet
1394 1927 1463 2000 boe
1495 1938 1754 2000 sacramentum
1786 1949 1905 2000 eoram
1939 1927 2096 2000 ollieiali·

375 2032 443 2102 bus
471 2030 588 2102 euriae
615 2029 757 2100 directis
783 2029 827 2100 ael
855 2055 1042 2101 eumcum
1070 2042 1172 2124 parte
1197 2029 1357 2102 adversa.
1407 2033 1497 2102 ltem
1530 2029 1656 2101 mulier
1681 2027 1850 2102 honestae
1878 2031 1967 2102 vitae
1993 2029 2097 2101 etiam

324 2143 356 2192 15
375 2132 520 2204 absente
543 2131 746 2202 adversario
778 2155 898 2202 eoram
933 2129 1143 2202 officialibus
1175 2141 1431 2204 sacramentum
1464 2131 1656 2204 calumniae
1690 2129 1894 2228 praestabit.
1914 2132 1962 2217 22)
1996 2142 2037 2202 ut
2062 2131 2096 2200 in

375 2234 483 2307 nuth.
512 2247 552 2304 ut
574 2233 724 2325 litigant.
751 2234 816 2304 iar.
844 2232 926 2304 eoll.
951 2230 987 2304 9.
1015 2233 1122 2330 (Nou.
1141 2228 1225 2306 121.
1252 2260 1283 2304 e.
1302 2228 1351 2331 1.)
1368 2234 1415 2325 24)

290 2325 371 2425 §5-
474 2335 509 2436 5.
528 2335 559 2432 2)
610 2334 787 2406 Praestito
826 2361 847 2406 a
883 2333 1045 2431 partibus
1077 2334 1273 2408 calumniae
1305 2346 1527 2409 sacramento
1546 2338 1577 2426 2)
1605 2347 1661 2428 et,
1701 2335 1732 2406 si
1758 2359 1944 2407 causarum
1971 2345 2097 2407 natura

372 2589 403 2654 6.
418 2587 458 2653 Χ.
477 2588 504 2653 1.
520 2590 563 2654 de
577 2590 692 2655 iuram.
709 2585 770 2651 cal.
787 2587 817 2668 1,
833 2583 884 2650 34.
900 2585 982 2664 (35.)
998 2586 1059 2652 siv.
1077 2585 1141 2652 62.
1156 2585 1198 2650 Χ.
1312 2586 1370 2669 31)
1415 2583 1466 2652 01.
1486 2587 1591 2651 Glosr.
1606 2588 1640 2651 in
1654 2607 1684 2651 v.
1700 2607 1771 2650 rem
1786 2607 1891 2651 suam.

371 2689 413 2755 G.
431 2691 472 2755 de
487 2689 635 2756 fideiuss.
651 2685 683 2770 3,
698 2687 749 2751 22.
766 2697 799 2752 et
813 2687 877 2753 o.5.
893 2685 933 2752 X.
950 2686 989 2752 G.
1007 2687 1048 2751 de
1063 2686 1122 2750 iur.
1137 2685 1200 2754 eal.
1311 2687 1369 2771 32)
1414 2685 1465 2752 01.
1487 2691 1528 2750 1).
1548 2692 1588 2752 D.
1610 2691 1676 2751 eod.
1701 2689 1785 2752 Giris.
1809 2686 1840 2774 §2
1857 2687 1906 2752 10.
1931 2707 2004 2772 pag.
2022 2685 2093 2750 136.

371 2792 404 2874 2,
421 2793 450 2856 7.
466 2791 547 2857 Luc.
565 2791 595 2856 3.
610 2828 653 2837 —
668 2786 719 2854 01.
738 2789 842 2854 Glosa.
858 2790 950 2874 prim.
967 2789 1009 2853 ad
1024 2786 1055 2852 b.
1071 2807 1101 2852 e.
1115 2787 1145 2851 5.
1269 2791 1418 2868 Huqolin.
1436 2787 1467 2874 §.
1482 2789 1533 2853 70.
1551 2789 1601 2853 71.
1617 2809 1694 2875 pag.
1710 2787 1781 2854 312.
1798 2785 1869 2853 313.

414 2891 476 2972 23)
519 2895 829 2974 Χρνὶιισὶρῐιιιηεὶο.
845 2888 882 2955 Β.
898 2887 1074 2954 0.-Ρ.Ιι.
1090 2887 1198 2975 l.pln·
1311 2889 1369 2974 33)
1412 2889 1450 2954 Ρ.
1467 2889 1507 2955 G.
1526 2891 1619 2955 adde
1636 2902 1688 2956 aet
1702 2893 1731 2955 si
1746 2889 1908 2976 aliquam'’
1925 2887 1977 2966 (G.
1995 2887 2095 2954 »alte-

343 3002 359 3052 5
377 3015 416 3058 ra
433 3014 496 3057 om.
512 3028 552 3039 -
567 2993 661 3058 Haec
677 2993 768 3057 decr.
782 2993 956 3077 deperdita
972 3007 1051 3056 esse
1065 2992 1202 3056 videtur.
1273 2993 1406 3070 aram.”)
1425 3001 1573 3074 „partem
1586 2993 1710 3058 abesse
1726 2992 1913 3078 contigerit,
1936 2991 2095 3056 subiectis

416 3093 475 3178 24)
521 3091 571 3160 01.
590 3094 695 3158 Gloss.
718 3095 762 3158 ad
786 3115 815 3160 e.
832 3095 860 3159 l.
876 3091 914 3158 X.
932 3092 971 3158 G.
985 3092 1102 3175 h.t.2,
1118 3093 1147 3156 7.
1168 3093 1203 3157 ἱιι
1271 3093 1594 3159 „monumentorum”
1623 3093 1679 3175 (G.
1701 3095 1880 3161 „subiectis
1899 3097 2094 3158 iuramento·
2132 3163 2136 3172 ⁴

373 3215 401 3260 v.
420 3193 665 3261 defensoribus.
1273 3195 1396 3262 „rum”
1418 3206 1451 3259 et
1472 3202 1514 3260 ad
1529 3189 1656 3280 marg?
1679 3195 1720 3260 al.
1740 3195 1910 3280 suggestis
1929 3197 2091 3260 iuramen-

415 3297 474 3383 25)
517 3319 538 3364 e
556 3296 585 3361 5.
601 3298 631 3362 4.
639 3296 679 3360 Χ.
690 3296 717 3362 l.
739 3296 781 3361 de
796 3297 912 3362 iuram.
930 3295 991 3362 eal.
1008 3297 1039 3376 1,
1054 3297 1106 3362 34.
1118 3297 1201 3374 (35.)
1271 3308 1394 3362 ntorum
1409 3296 1735 3380 clausulis.”)„apud
1749 3297 1891 3362 iudicem
1903 3299 2095 3380 provinciae

374 3398 435 3462 siv.
451 3420 479 3463 e.
496 3398 528 3478 4,
543 3397 572 3462 3
587 3397 629 3462 X.
645 3397 685 3462 G.
701 3418 731 3463 e.
747 3407 768 3462 t.
782 3399 815 3478 2,
831 3399 862 3463 7.
877 3399 1003 3482 Eugen.
1017 3397 1048 3462 3.
1270 3398 1344 3464 „vel
1360 3395 1972 3481 deserueramus:„defensosorem
1982 3399 2093 3480 „loeo-

327 3520 359 3571 10
398 3499 476 3587 ¹26)
518 3499 595 3566 eii.
618 3499 659 3562 Χ.
683 3499 712 3563 1.
735 3519 763 3563 e.
784 3511 808 3566 t.
831 3501 890 3566 siv.
912 3500 986 3566 52.
1008 3499 1107 3566 X.G.
1126 3513 1199 3567 et
1269 3501 1526 3566 „ruminabit”
1544 3499 1772 3566 -Vid.Nov.
1789 3499 1901 3566 laer.
1920 3501 1947 3566 1.
2316 3581 2319 3590 .

373 3599 1199 3684 Horror.9.—al.Eugen.3.-Gs.Aupustiunotr.
1310 3601 1370 3687 34)
1413 3602 1451 3666 Β.
1466 3602 1561 3667 adua
1578 3599 1630 3687 n§.
1645 3602 1726 3666 ltem
1741 3603 1771 3666 si
1786 3603 1877 3668 cessi
1891 3602 1947 3670 vel
1961 3603 2094 3668 manda·
2202 3621 2207 3634 ·

416 3703 478 3786 27)
519 3701 718 3788 Sequentia,
748 3703 901 3768 immixtis
917 3723 968 3785 sp.
986 3704 1081 3784 adm,
1111 3705 1199 3791 vulg.
1270 3704 1394 3770 nvitibi
1414 3707 1486 3783 ias,
1517 3704 1604 3789 quod
1633 3702 1799 3770 habebam
1830 3705 1863 3770 in
1887 3701 1991 3770 fundo
2011 3725 2092 3783 con,

374 3805 424 3872 sio
442 3804 612 3889 legunturs
642 3804 727 3870 „nisi
755 3823 862 3870 eausa
879 3801 935 3868 illa
954 3806 997 3871 sit
1018 3806 1199 3874 criminalis
1269 3807 1455 3889 „oportebit
1462 3825 1514 3870 me
1524 3805 1637 3870 subire
1646 3815 1890 3873 sacramentnm
1897 3803 2093 3882 calunniae,

376 3904 450 3970 „vel
464 3903 663 3990 spiritualis,
693 3906 859 3990 adquisita
878 3904 1013 3973 lieentia
1035 3908 1164 3974 iurandi
1179 3929 1200 3976 a
1268 3907 1316 3974 nsi
1329 3911 1502 3974 veritatem
1516 3905 1605 3971 seire
1619 3926 1673 3970 me
1688 3906 1807 3974 melius
1822 3909 2032 3990 apparuerit,
2061 3920 2095 3972 et

300 4061 303 4066 ,
329 4022 358 4072 rs
378 4027 461 4072 „suo
477 4006 624 4090 praelato
639 4005 696 4074 vel
709 4005 821 4074 habita
835 4029 898 4092 pro
912 4009 1094 4092 adquisita,
1123 4031 1199 4076 nam
1269 4011 1320 4076 „si
1334 4029 1392 4076 res
1408 4009 1587 4094 exegerit.”
1616 4045 1660 4056 -
1689 4007 1740 4076 01.
1761 4019 1825 4075 not
1841 4007 1892 4074 29.
1906 4007 1950 4072 ad
1963 4006 1994 4075 h.
2010 4021 2093 4093 part.

375 4117 534 4187 monetat,
550 4110 638 4194 quod
653 4108 842 4176 criminales
857 4129 983 4177 causae
998 4111 1201 4178 ecelesiasti-
1269 4111 1300 4198 §.
1318 4113 1346 4178 1.

375 4229 454 4274 aeae
470 4207 525 4276 vel
540 4209 730 4293 spirituales
744 4233 811 4278 non
824 4221 1005 4278 baotaumr
1019 4215 1053 4278 in
1067 4212 1139 4278 loro
1156 4215 1201 4277 oi·
1314 4215 1349 4297 1)
1392 4212 1428 4276 Β.
1451 4214 1550 4278 inser.
1574 4213 1693 4297 „incip
1716 4231 1795 4296 pars
1818 4222 1944 4298 quarta.
1960 4213 2001 4280 de
2016 4225 2126 4298 pro„

376 4311 472 4393 mili,
488 4313 550 4378 sed
565 4313 598 4376 in
613 4311 841 4380 eeclesiastico
857 4314 1054 4380 dumtaxat.”
1270 4313 1572 4392 „auenniensem
1583 4313 1656 4378 „De
1674 4314 2093 4394 probationib.’')10.Aadr.
2120 4304 2124 4312 “

419 4413 477 4496 28)
522 4411 572 4478 Cf.
588 4416 628 4476 D.
644 4419 685 4476 D.
700 4425 754 4478 ael.
771 4421 837 4480 call.
854 4414 884 4501 §.
899 4414 950 4484 83·
966 4435 1042 4500 pag.
1056 4416 1108 4480 65.
1129 4405 1200 4482 ltoss
1269 4423 1312 4481 ad
1324 4422 1363 4482 D.
1378 4441 1428 4499 sp.
1442 4417 1497 4482 lib.
1512 4416 1544 4478 2.
1559 4435 1593 4497 p.
1606 4414 1638 4478 2·
1660 4413 1694 4476 ln
1714 4417 1802 4482 rubr.
1819 4416 1859 4480 de
1876 4418 2093 4501 probationib.

325 4541 358 4591 ρο
372 4538 438 4596 qer.
453 4514 484 4600 §.
499 4513 550 4580 86.
564 4536 640 4601 pag.
657 4515 726 4582 us.
758 4521 904 4597 Homolio.
921 4516 951 4602 §.
966 4517 1018 4580 64.
1034 4537 1110 4600 pag.
1125 4517 1198 4582 362.
1268 4518 1405 4584 „Pillius
1433 4517 1585 4582 formavit
1612 4513 1700 4580 bauo
1729 4519 1818 4582 rubr.
1848 4529 1881 4582 et
1908 4527 1961 4582 est
1989 4519 2095 4598 prima

375 4617 482 4680 Gloss.
507 4618 550 4682 ad
573 4639 600 4682 e.
620 4618 648 4682 1.
668 4619 709 4684 Χ.
730 4620 768 4686 G.
790 4619 821 4685 h.
844 4631 863 4684 t.
879 4619 911 4700 2,
926 4620 954 4682 7.
981 4621 1014 4682 in
1036 4637 1065 4680 v.
1087 4618 1199 4682 imon.
1269 4631 1423 4704 »quartae
1438 4639 1520 4684 suae
1544 4615 1677 4700 perusa
1706 4653 1748 4665 —-
1778 4619 2013 4688 Verumtamen
2028 4639 2093 4684 noo

373 4719 469 4784 salto.
1268 4719 1377 4786 solum
1391 4719 1465 4803 ipse
1481 4717 1598 4784 Pillius
1618 4717 1744 4785 nubam
1758 4729 1894 4804 quartae
1910 4718 2091 4801 particulae

415 4821 472 4902 29)
517 4820 552 4884 Β.
568 4821 669 4887 inser.
692 4823 788 4898 „Quo
805 4841 887 4888 easu
902 4828 1100 4903 procurator
1114 4820 1199 4884 iuret
1268 4828 1465 4886 mentionem
1480 4818 1576 4902 feeit,
1599 4824 1661 4888 sed
1677 4825 1775 4888 etiam
1789 4819 1844 4884 tali
1859 4819 2024 4904 partitioni
2038 4838 2090 4896 ea,

372 4924 431 4987 mle
448 4923 644 4988 calumnie.”
1067 4966 1069 4969 -
1270 4943 1355 5008 quae
1371 4921 1448 4986 alibi
1462 4921 1548 4990 dicto
1564 4935 1656 5003 sunt,
1673 4920 1891 5004 refragantur.
1914 4920 1966 4988 01.
1981 4930 2045 4984 not.
2061 4918 2090 4984 3.

325 5043 357 5091 aa
417 5024 475 5107 36)
520 5020 1199 5107 011111171101111167.668245.
1268 5021 2008 5108 odh.port.pr.eaoot.l.adh.pon.§.18.

377 5127 482 5190 Ganos.
499 5128 542 5190 ad
557 5126 577 5190 l.
594 5125 623 5213 §.
639 5127 668 5190 si
683 5125 799 5190 alieno.
822 5130 856 5191 in
878 5144 906 5187 v.
930 5123 1045 5186 debeo.
1062 5143 1149 5188 vers.
1165 5137 1200 5188 tu
1311 5125 1349 5208 2)
1392 5130 1564 5192 salariolas
1578 5134 1776 5188 sacr-omento.
1795 5125 1830 5188 P.
1847 5121 2000 5188 G.·-·Al.
2017 5143 2090 5188 »sa-

373 5229 426 5293 ‹lie
441 5228 494 5295 hie
510 5247 590 5294 esse
606 5224 755 5311 speciale
766 5263 805 5274 -—
815 5263 856 5274 -
866 5225 1002 5292 secund.
1018 5225 1063 5290 lo.
1079 5237 1112 5290 et
1125 5225 1199 5290 Pill.
1270 5213 1459 5296 „eramento
1474 5225 1692 5302 calumniae.''
1706 5225 1743 5290 B.
