4800 5954
695 592 756 659 Tit.
773 593 822 662 12.
852 592 981 668 Quibus
995 593 1134 660 testibus
1148 593 1233 661 fides
1249 592 1443 663 adhibeatur
1457 604 1490 661 et
1504 607 1636 682 quanta.
1960 597 2025 668 247

301 786 406 860 lideil
459 783 698 881 Respondeo,
731 797 817 856 tuno
844 784 998 857 stabitur
1024 783 1236 882 pluralitati,
1280 785 1363 883 quia
1395 784 1560 883 pluribus
1597 788 1771 862 credetur.
1808 815 1881 884 arg.
1909 787 2021 862 auth.

301 889 345 962 de
371 885 491 960 testib.
519 885 554 986 ἓ.
582 898 617 959 ε1
642 886 733 958 lieet.
778 884 886 984 (Nov.
903 885 964 961 90.
987 913 1016 959 o.
1034 886 1068 957 ⁰2
1082 885 1118 958 5.
1136 885 1203 958 sub
1217 885 1261 983 f.)
1280 887 1328 984 ²⁴)
1388 889 1467 981 big.
1494 889 1538 962 de
1565 902 1695 988 recept.
1712 889 1750 983 4,
1765 887 1803 962 8.
1831 893 1855 962 l.
1880 893 1964 963 item
1990 893 2021 963 si

302 1017 406 1064 unus.
427 985 484 1061 17.
511 986 545 1088 §-
574 990 666 1060 item.
684 985 718 1058 2.
747 985 868 1087 (6.7.)
896 1001 930 1061 et
957 989 980 1061 1.
1007 989 1110 1061 diem.
1125 985 1185 1060 27.
1213 987 1248 1087 §-
1280 992 1311 1061 si
1344 988 1477 1086 plures.
1494 988 1530 1064 5.
1561 993 1643 1085 big.
1668 993 1711 1065 de
1739 1006 1863 1066 ventre
1898 994 2020 1092 inspic.

302 1091 365 1187 25,
381 1091 418 1164 4.
444 1087 517 1162 12.
536 1090 584 1180 23)
619 1091 699 1184 big.
727 1091 924 1187 quemadm.
950 1101 1089 1163 testam.
1116 1117 1211 1188 aper.
1227 1087 1289 1185 29,
1304 1089 1342 1162 5.
1369 1090 1393 1163 l.
1421 1094 1449 1163 si
1478 1095 1599 1166 maior.
1612 1093 1647 1165 6.
1688 1093 1855 1170 nisset.
1880 1123 1909 1168 e.
1926 1093 1959 1166 1.
1984 1092 2020 1166 2.

302 1210 338 1268 et
353 1193 390 1267 5.
426 1204 462 1264 et
495 1194 696 1289 expressius
723 1193 769 1263 X.
788 1190 825 1263 5.
857 1194 902 1265 de
934 1190 1103 1286 essunt,
1124 1189 1183 1264 12.
1218 1220 1247 1264 e.
1284 1196 1320 1264 in
1355 1198 1562 1290 praesentia.
1575 1193 1610 1266 5.
1629 1196 1677 1295 ²⁶)
1710 1238 1758 1250 —
1811 1197 1881 1270 Sed
1909 1199 1939 1268 sl
1965 1208 2054 1270 tota

301 1307 386 1370 sunt
411 1320 476 1394 pro
503 1320 572 1365 una
598 1305 719 1391 parte,
758 1305 846 1392 quot
880 1321 946 1393 pro
981 1296 1112 1388 altera,
1157 1307 1193 1367 et
1218 1321 1330 1394 aeque
1357 1295 1458 1388 boni,
1498 1296 1555 1369 vel
1583 1325 1627 1370 ex
1648 1325 1720 1369 una
1754 1311 1855 1397 parte
1884 1299 2020 1398 plures,

303 1398 437 1472 exalia
465 1395 666 1489 digniores,
703 1399 752 1467 ita
779 1397 876 1494 quod
905 1398 1054 1492 dignitas
1086 1399 1202 1494 possit
1236 1423 1379 1469 numero
1406 1397 1612 1497 adaequari,
1657 1400 1742 1498 quid
1770 1402 1886 1474 faeere
1914 1400 2022 1473 debet

303 1516 390 1574 tune
414 1497 545 1569 iudex?
597 1498 835 1596 Respondeo‚
872 1499 1035 1572 absolvat
1062 1512 1147 1572 tune
1173 1526 1290 1594 reum,
1328 1511 1368 1571 ut
1393 1502 1429 1570 lu
1456 1501 1547 1572 dieta
1574 1502 1741 1574 decretali
1764 1507 1828 1596 „in
1851 1527 2017 1600 praesen·

303 1605 389 1698 „tia
404 1599 493 1691 ²⁷)‚”
520 1600 682 1699 eoquod
708 1603 895 1699 proniores
919 1628 997 1674 esse
1023 1601 1192 1674 debemus
1220 1603 1265 1674 ad
1293 1599 1570 1695 absolvendum,
1601 1629 1707 1702 quam
1726 1605 1770 1676 ad
1784 1606 2018 1677 condemnan-

302 1709 403 1794 dum,
447 1712 487 1772 ut
512 1704 559 1772 X.
576 1700 610 1774 l.
636 1702 681 1774 de
706 1701 846 1801 probat.
866 1701 980 1796 2,.12.
1011 1731 1039 1777 e.
1067 1729 1111 1775 ex
1137 1705 1258 1777 literis.
1270 1703 1305 1775 2.
1320 1704 1368 1802 28)
1419 1706 1500 1800 big.
1526 1706 1570 1778 de
1598 1718 1676 1798 aet„
1697 1719 1731 1778 et
1758 1707 1832 1780 obl.
1848 1705 1914 1801 44,
1931 1704 1966 1777 7.
1994 1705 2070 1778 110

301 1809 485 1881 Arrianus.
502 1801 565 1875 47.
580 1806 641 1897 33),
668 1816 704 1878 et
728 1807 810 1904 quia
836 1805 1006 1904 sequendi
1032 1818 1117 1877 sunt
1142 1819 1267 1900 testes,
1297 1809 1357 1905 qui
1386 1807 1430 1876 ad
1454 1806 1640 1878 humanam
1658 1810 1706 1901 ³⁰)
1735 1808 1910 1881 declinant
1938 1835 2016 1880 sen·

301 1911 455 1983 tentiam.
483 1930 558 2000 arg.
583 1907 663 1999 big.
696 1907 740 1978 de
772 1918 864 2004 paet.
883 1905 999 2001 2,14.
1025 1909 1049 1980 Ι.
1077 1909 1254 1981 maiorem.
1271 1905 1309 1979 8.
1345 1909 1434 1980 Cod.
1463 1911 1525 2007 qui
1550 1908 1652 1981 bonis
1680 1911 1756 1983 ced.
1783 1937 1881 2008 poss.
1899 1906 1936 2004 7,
1959 1907 2019 1981 71.

300 2011 326 2084 l.
354 2009 484 2098 11131)
510 2049 560 2062 -
612 2009 658 2079 Et
691 2007 758 2080 boe
792 2021 847 2081 est
875 2035 996 2084 verum
1030 2011 1258 2104 generaliter,
1303 2011 1399 2109 quod
1433 2037 1500 2108 pro
1535 2038 1596 2083 reo
1633 2013 1918 2084 sententiandum
1951 2023 2019 2102 est,
2049 2055 2060 2070 κ

302 2141 381 2187 eum
408 2109 601 2209 aequalitas
627 2121 684 2182 est
714 2111 749 2180 in
776 2111 949 2205 testibus,
994 2114 1060 2184 nisi
1085 2112 1318 2186 favorabilior
1351 2116 1397 2184 sit
1423 2139 1507 2211 pars
1534 2117 1685 2206 actoris,
1729 2127 1814 2211 puta
1839 2115 1922 2214 quia
1949 2125 2021 2186 stat

300 2243 366 2316 pro
392 2213 576 2305 libertate,
602 2236 670 2309 pro
696 2212 798 2306 dote,
835 2240 901 2312 pro
926 2225 1157 2306 testamento,
1194 2231 1260 2313 p'ro
1288 2215 1559 2308 legitimatione,
1586 2242 1651 2312 pro
1680 2215 1839 2313 pupillo,
1873 2241 1940 2313 pro
1970 2219 2017 2286 vi·
2037 2231 2069 2284 15

301 2320 390 2410 dua,
417 2341 484 2414 pro
514 2313 692 2412 orphano,
719 2341 786 2413 pro
813 2317 920 2410 fiseo,
948 2343 1014 2413 pro
1041 2316 1208 2411 ecelesia,
1243 2316 1298 2388 vel
1326 2343 1392 2414 pro
1418 2317 1532 2416 aliqua
1553 2317 1602 2415 ³²)
1630 2345 1668 2390 re
1698 2344 1762 2389 seu
1788 2343 1939 2415 persona
1966 2317 2017 2387 l'a·

301 2417 537 2509 τοτε1111133),
562 2417 643 2515 quia
668 2429 753 2490 tuno
782 2429 875 2491 esset
902 2445 969 2517 pro
997 2431 1118 2492 actore
1144 2419 1435 2491 sententiandum.
1463 2444 1536 2513 arg.
1553 2419 1601 2517 ³⁴)
1635 2421 1715 2514 big.
1735 2420 1779 2491 de
1803 2445 1841 2491 re
1864 2415 2017 2510 111142,

302 2522 335 2596 1.
369 2519 392 2593 l.
427 2521 515 2592 inter
548 2544 664 2617 pares.
683 2515 746 2592 58.
779 2517 878 2618 (pr.)
928 2522 1007 2614 big.
1044 2521 1088 2596 de
1122 2522 1220 2594 inotl'.
1256 2532 1336 2594 test.
1349 2518 1387 2612 5,
1403 2518 1438 2591 2.
1470 2521 1493 2592 l.
1526 2522 1556 2592 si
1589 2546 1673 2618 pars
1707 2522 1940 2593 iudicantium.
1956 2515 2018 2590 10.

302 2623 387 2724 (pr.)
404 2623 451 2713 33)
500 2622 580 2715 big.
607 2621 652 2692 de
677 2646 748 2715 reg.
779 2619 926 2715 insat),
945 2620 1002 2694 17.
1029 2623 1053 2696 l.
1081 2626 1117 2694 in
1143 2623 1327 2718 ambiguis.
1344 2619 1405 2693 85.
1436 2620 1535 2721 (pr.)
1581 2623 1685 2696 Cod·
1703 2622 1830 2722 quand.
1858 2624 2017 2720 imperat.

299 2731 361 2800 int.
387 2749 472 2824 pup.
499 2733 536 2796 et
562 2722 631 2794 vid.
652 2720 770 2816 5,14.
797 2724 820 2795 l.
847 2751 905 2796 un.
933 2725 1018 2798 Cod.
1045 2724 1090 2798 de
1116 2751 1250 2798 saeros.
1277 2722 1402 2799 aceles.
1424 2722 1459 2818 1,
1474 2723 1509 2796 2.
1539 2725 1562 2797 l.
1591 2724 1806 2824 antepenult.
1822 2721 1885 2795 21.
2032 2744 2075 2796 am

400 2827 552 2899 Ratione
579 2825 836 2898 contrarietatis
863 2851 934 2898 non
963 2828 1118 2900 ereditur
1145 2829 1240 2900 dieto
1269 2827 1413 2901 testium
1438 2828 1672 2925 quandoque,
1701 2829 1795 2900 sieut
1820 2850 1929 2923 supra
1955 2825 2015 2900 de·

301 2939 536 3003 monstratum
562 2937 628 2998 est.
683 2927 863 3001 Interdum
888 2953 973 3001 vero
1007 2929 1100 3002 dieto
1136 2956 1259 3004 eorum
1289 2929 1377 3002 lides
1412 2955 1483 3000 non
1511 2928 1698 3001 adhibetur
1731 2930 1866 3001 ratione
1894 2951 2016 3024 perso·

299 3057 422 3104 narum
452 3053 616 3121 suarum,
650 3039 690 3100 nt
714 3029 934 3102 ostendimus
960 3057 1067 3130 supra
1094 3033 1130 3103 in
1156 3032 1261 3105 titulo
1291 3032 1405 3129 primo
1431 3031 1476 3103 d'e
1502 3029 1655 3103 testibus
1671 3029 1733 3128 ³⁰).
1785 3031 1831 3102 Et
1856 3028 2016 3127 quando·

301 3159 372 3234 que
396 3130 483 3202 fides
518 3129 589 3201 illis
617 3154 691 3202 non
716 3129 924 3227 adhibetur,
962 3133 1021 3206 vel
1049 3136 1127 3233 qnia
1160 3137 1252 3208 male
1277 3133 1515 3232 respondent,
1560 3133 1615 3206 vel
1642 3135 1726 3232 quia
1750 3133 1935 3205 diversitas
1961 3155 2016 3204 re·

340 3487 400 3572 24)
442 3508 508 3566 ατς.
525 3484 624 3550 Auta.
639 3487 678 3550 de
691 3494 756 3552 teat.
773 3487 943 3568 aarum.
973 3485 1033 3568 (ef.
1047 3489 1123 3555 Par
1233 3487 1292 3575 29)
1338 3491 1464 3572 Diade
1477 3498 1535 3553 act.
1549 3493 1649 3554 etati.
1664 3493 1683 3554 1
1700 3487 1861 3552 Ambaus
1874 3484 1934 3568 (ef.
1949 3490 2017 3550 Du·

298 3609 383 3676 pag..
396 3586 454 3652 73..
476 3607 565 3652 vers.
587 3585 619 3652 3.
640 3587 672 3653 4.
701 3592 834 3654 Duraot
854 3611 903 3672 ap.
924 3587 989 3654 11
1018 3589 1050 3676 §.
1074 3592 1125 3658 12.
1191 3601 1272 3656 rant.
1286 3615 1332 3674 sp.
1348 3590 1368 3655 1.
1383 3590 1406 3656 l.
1420 3601 1487 3658 not.
1500 3590 1552 3657 23.
1579 3589 1608 3677 §.
1626 3592 1675 3658 12.
1696 3611 1787 3656 uum.
1800 3587 1849 3667 6.)
1868 3586 1923 3654 Rs.
1940 3589 1968 3652 1.
1984 3595 2016 3656 2.

299 3713 387 3757 uum.
403 3689 450 3774 5.)
466 3688 520 3755 111.
539 3689 566 3754 1.
583 3693 613 3755 2.
630 3711 695 3755 om.
1192 3712 1277 3770 om.;
1293 3693 1354 3758 sed
1370 3705 1492 3780 servat.
1506 3693 1540 3758 iu
1555 3692 1690 3760 eod-Ill.
1705 3699 1739 3759 2.

340 3793 400 3876 25)
442 3790 638 3856 12.-111
651 3790 854 3877 vutgmoad.
867 3827 910 3841 -
930 3789 1036 3860 Recte
1049 3793 1123 3860 libri
1233 3793 1295 3877 30)
1337 3794 1634 3860 temanum-Al.
1651 3787 2013 3860 »humaniorem.”B.B.

299 3893 351 3959 ed.
367 3893 408 3959 »1
425 3891 559 3977 1.”ψτ.)
575 3929 616 3940 -
631 3891 683 3958 61
698 3905 763 3960 not.
780 3892 831 3959 lli.
846 3895 889 3960 ad
904 3895 979 3960 Pru.
994 3907 1080 3981 part
1091 3895 1130 3962 3..
1193 3897 1290 3963 oodd.
1304 3894 1346 3961 A.
1361 3895 1433 3961 Hal
1448 3895 1487 3960 L.
1504 3894 1708 3976 3.,,ε1111-2.
2032 3911 2048 3962 5

300 3993 338 4080 §..
348 3995 397 4060 13.
1235 3997 1297 4080 31)
1339 4021 1406 4079 ary.
1428 4000 1498 4078 Dr'q.
1525 4002 1564 4061 de
1581 4004 1664 4080 pact.
1681 4042 1714 4061 ..
1736 3997 1756 4058 l.
1778 3995 1833 4058 ult.
1855 3989 1917 4072 (of.
1940 3992 2015 4055 Pau.

341 4095 401 4178 26)
444 4093 495 4163 Cf.
509 4106 576 4162 not.
591 4115 666 4181 sup.
682 4097 712 4160 7.
1191 4119 1268 4186 pag.
1283 4099 1334 4165 73.
1355 4119 1444 4164 vers.
1459 4096 1491 4164 9.
1515 4096 1564 4162 10.
1597 4099 1734 4160 Duram.
1757 4116 1806 4175 ap.
1828 4093 1893 4162 11.
1917 4091 1948 4181 §.
1965 4093 2015 4161 12.

340 4195 400 4280 27)
442 4206 479 4260 ut
492 4205 524 4260 tu
538 4202 620 4261 dicta
635 4202 715 4261 decr.
731 4205 766 4260 in
777 4220 880 4280 praes.
896 4235 939 4248 -
953 4197 1006 4264 111
1023 4199 1053 4265 1.
1070 4209 1124 4266 sut
1191 4224 1280 4268 num.
1295 4203 1342 4277 7.)
1358 4199 1411 4265 Rs.
1429 4202 1455 4261 l·
1469 4205 1501 4266 2.
1518 4219 1582 4264 om·
1935 4255 1939 4266 .

300 4295 363 4363 »71.
378 4302 408 4364 3.
430 4297 473 4362 de
493 4297 548 4363 fid.
567 4299 715 4365 instrum.
731 4303 764 4382 2,
781 4297 833 4365 13.
849 4320 878 4366 o.
896 4302 925 4364 l.
938 4300 973 4365 in
986 4299 1029 4365 f.”
1058 4301 1124 4376 (ln
1234 4303 1293 4385 32)
1337 4296 1388 4365 Cl.
1403 4309 1470 4364 not.
1485 4297 1537 4364 21.
1553 4298 1596 4364 ad
1611 4300 1685 4363 Pau.
1700 4307 1784 4384 part.
1799 4297 1831 4364 3.
1846 4297 1875 4384 §.
1891 4295 1944 4361 13.

298 4419 375 4464 uon
389 4397 454 4482 3.),
481 4420 533 4463 su.
551 4399 600 4482 (1,
623 4401 777 4486 qnoniam
798 4422 872 4466 eum
895 4401 1041 4468 obseura
1059 4402 1126 4467 sint
1233 4401 1292 4485 33)
1334 4399 1376 4466 ll.
1399 4399 1431 4464 d.
1458 4409 1532 4465 test.
1550 4405 1593 4464 Io.
1611 4402 1711 4468 Andr.
1727 4405 1772 4466 nd
1784 4403 1824 4465 D.
1839 4421 1887 4482 sp.
1903 4395 1925 4462 l.
1940 4395 1960 4464 l·
1981 4394 2011 4484 §·
2032 4413 2064 4466 to

300 4501 393 4566 „iura
419 4500 580 4583 partium,
607 4505 782 4570 consuevit
803 4511 921 4568 contra
946 4523 1039 4584 eum,
1068 4505 1124 4590 qui
1193 4504 1243 4571 12.
1258 4523 1345 4567 oum.
1361 4503 1392 4565 7.
1409 4503 1442 4566 ln
1457 4523 1490 4568 v.
1504 4499 1688 4568 favorabili.

300 4600 683 4687 „petitoresmiudioarl
711 4605 768 4670 Ad
781 4603 926 4671 idemX.
943 4606 971 4670 1.
987 4605 1029 4672 de
1044 4625 1124 4689 pro·
1233 4603 1292 4687 34)
1335 4601 1416 4668 B.B.
1444 4603 1517 4670 nod.
1547 4604 1588 4670 A.
1618 4604 1692 4670 add.
1723 4601 1784 4668 sX.
1799 4599 1842 4666 G.
1864 4601 1906 4667 de
1928 4611 2013 4668 sent.

182 4702 187 4715 '
300 4702 1124 4785 »1)112,12.ε.ετ111ετίε.2.“’(1.τιο13)-Ηίηο
1193 4717 1246 4773 net
1259 4727 1296 4772 ro
1312 4705 1376 4770 iud.
1392 4725 1422 4771 o.
1437 4703 1515 4770 ult.”
1545 4705 1718 4780 (Similiter
1730 4703 1768 4768 E.
1783 4711 1816 4768 et
1829 4701 1922 4783 Ηε1,
1951 4702 2015 4768 sed

297 4805 349 4872 Rl'.
363 4813 391 4874 2.
413 4815 468 4872 „ut
481 4805 523 4869 X.
540 4803 581 4870 G.
597 4804 639 4870 de
653 4805 783 4890 probat.
794 4811 827 4887 2,
841 4807 891 4873 19.
907 4829 936 4874 e.
952 4827 994 4873 ex
1007 4806 1122 4874 literis.
1191 4809 1236 4874 ibi
1249 4808 1455 4894 negligenter
1469 4827 1534 4872 om.
1556 4827 1607 4875 se.
1621 4806 1714 4886 nlt.”)
1729 4801 1780 4872 01
1794 4815 1861 4870 not.
1876 4823 1947 4890 seq.
1961 4801 2013 4870 36.

298 4893 350 4974 sd.
363 4908 407 4975 X.
423 4907 465 4975 G.
482 4907 523 4972 de
538 4905 595 4972 lid.
609 4908 759 4975 bouum.
773 4911 806 4989 2,
820 4915 873 4976 22.
894 4929 925 4975 o.
940 4909 1027 4974 inter
1041 4909 1121 4977 dile·
1233 4911 1292 4994 35)
1334 4908 1432 4976 1112.
1447 4907 1524 4978 add.
1545 4907 1617 4973 »Aa
1637 4908 1726 4973 idem
1740 4902 1820 4975 saoit
1833 4901 2012 4972 decretalis
2034 4921 2064 4972 15

298 5021 402 5078 actos.
415 5009 459 5091 6.,
473 5030 506 5073 u.
523 5009 566 5090 d,
583 5010 672 5095 quod
687 5030 764 5078 eum
779 5009 925 5078 obseura
941 5055 950 5075 .
965 5011 996 5076 .”
1189 5031 1296 5078 »nova
1308 5012 1351 5077 X.
1366 5009 1407 5077 G.
1424 5012 1466 5076 de
1482 5018 1566 5076 sent.
1586 5017 1619 5073 et
1638 5029 1677 5074 re
1691 5009 1805 5092 tuam,
1818 5007 1871 5078 27.
1886 5025 1915 5072 o.
1931 5005 2011 5072 duo·

338 5109 397 5196 28)
440 5115 851 5193 mentemmentdm.
872 5109 1124 5196 (otnseprae.
1189 5113 1271 5180 rbus
1293 5141 1313 5178 a
1336 5141 1367 5178 s.
1381 5111 1453 5180 26.”
1470 5111 1611 5195 Gregor.
1624 5108 1666 5176 3..

298 5213 369 5278 eod.
383 5213 451 5295 27.)
475 5211 539 5280 boe
554 5211 575 5280 l.
605 5211 657 5280 Rl.
676 5215 702 5277 l.
717 5220 747 5284 2.
762 5233 846 5294 om.;
874 5212 936 5280 sed
951 5215 1122 5281 servatio
1231 5213 1296 5300 36)·
1331 5212 1461 5298 bpart
1473 5210 1564 5312 616.

297 5313 371 5379 eod.
385 5313 431 5380 Μ.
445 5321 477 5384 2.
