4812 5966
938 584 1009 666 (De
1024 585 1163 654 absente
1178 607 1249 653 reo.
1278 585 1309 674 §.
1326 585 1394 673 18.)
1984 589 2027 656 83

299 779 451 873 minare,
497 787 534 850 et
558 789 693 850 certum
714 787 855 874 tempus
879 799 899 846 a
925 774 1039 850 iudice
1071 774 1259 850 dil'liuitum
1285 778 1316 850 ci
1341 777 1502 871 dubitur,
1546 779 1638 849 iutra
1665 779 1763 877 quod
1790 778 1934 852 domiuo
1959 777 2024 850 ub·

301 881 393 953 senti
418 879 474 953 vel
500 879 677 976 praesenti
703 881 817 976 possit
843 877 1078 973 denunciare,
1116 879 1233 977 quisi
1260 903 1331 951 nou
1359 881 1518 971 venerit,
1561 881 1721 953 mittetur
1749 893 1850 955 actor
1875 881 1912 952 iu
1937 907 2024 968 pos·

148 1029 149 1036 1
301 983 513 1074 sessionem,
540 993 580 1052 ut
604 981 734 1053 dictum
758 991 812 1053 est
849 1021 898 1036 -·-
950 979 1047 1052 ldenr
1075 994 1148 1071 est,
1174 982 1206 1052 si
1234 983 1463 1054 conveniatur
1490 983 1629 1054 nomine
1656 983 1705 1055 rei
1732 983 1895 1076 mobilis,
1917 1008 2024 1082 quam

302 1085 415 1157 abeno
441 1082 581 1156 nomine
606 1083 786 1179 possidet,
822 1081 1016 1155 secuudum
1041 1082 1233 1181 quosdam,
1268 1109 1308 1156 re
1333 1095 1449 1156 tamen
1474 1085 1573 1182 prius
1589 1083 1781 1182 deposito,
1814 1085 1871 1158 vel
1897 1084 2024 1160 idoueu

301 1187 463 1260 cautione
487 1187 659 1282 praestita
686 1187 882 1283 praesenti,
920 1184 952 1257 si
982 1209 1136 1280 persona
1166 1186 1215 1256 sit
1246 1197 1431 1282 suspectu,
1473 1210 1561 1284 quae
1585 1186 1764 1259 domiuum
1789 1187 1956 1260 nominat.
1982 1197 2057 1260 uto

300 1289 382 1382 big.
417 1289 477 1460 pni
508 1287 631 1359 satisd.
662 1313 738 1381 cog.
763 1284 807 1378 2,
832 1283 871 1359 8.
909 1286 933 1358 l.
954 1288 985 1357 si
1017 1287 1213 1358 fideiussor.
1237 1285 1271 1359 7.
1297 1286 1333 1387 5.
1368 1287 1433 1360 ult.
1451 1291 1482 1376 ⁷)
1517 1299 1553 1360 et
1583 1289 1664 1382 big.
1696 1288 1742 1361 de
1774 1289 1835 1361 ou.
1872 1287 2022 1386 praesid.

301 1415 403 1485 prov.
442 1385 544 1481 ,18.
567 1388 592 1460 l.
613 1401 768 1461 senatus.
783 1385 842 1460 16.
868 1427 920 1444 —
971 1389 1018 1460 Et
1048 1387 1135 1460 baec
1166 1414 1262 1461 nera.
1282 1401 1367 1462 snut
1393 1391 1428 1460 in
1460 1388 1536 1484 bis,
1580 1389 1642 1489 qui
1670 1390 1854 1462 colonario
1882 1393 2025 1463 uomiue

301 1489 508 1588 possident,
544 1501 585 1562 ut
610 1492 780 1584 colonus,
813 1491 1022 1589 inquilinus,
1058 1502 1095 1564 et
1122 1492 1158 1560 in
1185 1490 1259 1583 bis,
1291 1493 1351 1590 qui
1378 1491 1515 1564 nullum
1542 1495 1594 1564 ius
1621 1492 1657 1562 iu
1682 1517 1723 1564 re
1750 1490 1882 1564 babent
1897 1493 1949 1585 ⁸),
1984 1503 2025 1564 ut

302 1593 598 1666 commodaturius
631 1604 668 1666 et
701 1595 757 1668 uui
792 1595 951 1691 precario
987 1617 1155 1666 concessa
1186 1603 1241 1666 est
1274 1618 1344 1666 res.
1395 1593 1466 1666 Sed
1493 1593 1717 1694 emphyteuta
1751 1606 1788 1667 et
1821 1595 2024 1690 superlicio·

303 1697 377 1768 rius
396 1695 447 1795 9),
489 1695 552 1794 qui
578 1694 789 1768 habentius
815 1698 851 1766 iu
877 1721 935 1789 re,
973 1695 1190 1768 nominando
1219 1693 1398 1767 domiuum
1432 1698 1469 1768 iu
1497 1695 1662 1768 iudicium
1687 1719 1760 1767 nou
1790 1721 1829 1768 se
1855 1693 2022 1789 liberunt,
2042 1709 2076 1764 ιο

302 1798 372 1869 imo
392 1797 580 1870 defendere
603 1811 781 1890 coguntur
802 1809 969 1894 respectu
991 1799 1101 1890 iuris,
1129 1797 1226 1896 quod
1252 1795 1401 1892 babent,
1427 1799 1520 1871 siout
1545 1800 1638 1871 euim
1664 1797 1797 1870 utiliter
1819 1809 1928 1892 agunt
1955 1822 2023 1870 suo

301 1903 462 1991 nomine,
496 1901 545 1971 ita
578 1912 613 1972 et
645 1899 834 1972 defendere
861 1899 1002 1973 debent.
1027 1901 1074 1991 ¹⁰)
1105 1913 1146 1971 ut
1170 1899 1250 1993 big.
1282 1898 1327 1972 de
1352 1901 1405 1972 rei
1430 1899 1525 1972 vind.
1545 1895 1590 1993 6,
1619 1896 1653 1971 1.
1681 1899 1706 1971 1.
1731 1901 1769 1970 iu
1791 1899 1947 1997 speciali.
1962 1896 2024 1971 75.

301 2002 337 2101 5.
364 1999 613 2097 superficiario.
633 2000 666 2075 1.
691 1999 742 2100 (et
769 2001 792 2073 l.
810 1999 871 2074 71.
898 1999 974 2099 75.)
993 2005 1040 2094 ¹¹)

402 2101 443 2174 Si
469 2117 585 2176 autem
611 2105 656 2176 lis
684 2104 783 2176 nullo
809 2103 915 2177 modo
943 2112 1000 2178 cst
1024 2112 1234 2195 contestata,
1260 2103 1452 2176 mittendus
1478 2113 1534 2177 est
1558 2113 1660 2176 actor
1686 2105 1724 2174 iu
1749 2105 2024 2201 possessiouem,

301 2229 382 2276 reus
404 2230 501 2296 ¹uero
534 2206 624 2277 iufra
656 2231 785 2278 anunm
819 2207 962 2279 veniens
994 2218 1030 2279 et
1063 2206 1258 2277 cautionem
1288 2205 1333 2278 de
1359 2206 1421 2278 lite
1453 2204 1647 2279 exercenda
1676 2229 1879 2302 exponens,
1917 2229 2018 2278 recu·
2040 2226 2072 2279 ιι

301 2318 403 2404 perat
432 2309 711 2404 possessiouem,
737 2309 911 2380 restitutis
937 2309 1037 2406 prius
1065 2307 1178 2380 actori
1202 2304 1368 2380 omnibns
1393 2309 1578 2404 expensis,
1602 2329 1695 2406 quas
1721 2306 1771 2378 ibi
1799 2307 1893 2378 lecit.
1921 2308 2024 2378 utin

300 2408 411 2482 Autb.
441 2409 485 2482 de
510 2407 627 2482 exbib.
654 2423 690 2482 et
715 2409 843 2482 iutrod.
871 2406 1054 2502 (Nonbl's.
1082 2433 1112 2480 c.
1121 2407 1177 2501 1.)
1196 2407 1244 2507 12)
1295 2405 1367 2482 Sed
1395 2423 1482 2508 post
1506 2431 1636 2480 anuum
1662 2432 1734 2481 uon
1758 2407 1955 2496 admittitur
1980 2407 2025 2478 ad

302 2513 584 2608 possessiouem,
610 2511 672 2584 sed
701 2523 836 2584 tuntum
863 2513 906 2584 ad
928 2511 1166 2610 quaestionem
1190 2513 1430 2608 proprietatis.
1459 2522 1500 2584 ut
1521 2507 1610 2584 Cod.
1636 2510 1680 2583 de
1705 2535 1860 2609 praescr.
1885 2506 1941 2582 50
1965 2508 2024 2580 vel

302 2611 357 2686 10
392 2639 471 2686 anu.
492 2612 530 2706 7,
557 2611 620 2690 59.
654 2613 679 2684 l.
712 2616 742 2685 si
767 2615 859 2711 quis.
880 2609 918 2685 8.
946 2612 996 2713 (5.
1017 2609 1071 2704 5.)
1101 2651 1153 2670 -
1202 2611 1275 2685 Sed
1306 2614 1342 2684 in
1381 2613 1451 2688 boc
1482 2612 1634 2686 articulo
1665 2612 1791 2685 ultimo
1828 2612 2023 2709 quaeritur,

303 2715 455 2813 qualiter
480 2718 609 2788 missus
639 2717 677 2787 in
701 2718 961 2814 possessiouem
987 2714 1192 2813 possideat'l
1242 2715 1367 2814 Resp,
1393 2715 1513 2790 dicunt
1539 2713 1693 2816 quidam,
1718 2713 1818 2816 quod
1842 2715 1934 2784 intra
1961 2737 2022 2783 au·
2040 2729 2074 2782 eu

301 2842 386 2889 unm
413 2844 486 2890 non
510 2817 692 2915 possidet,
732 2817 795 2891 sed
827 2843 918 2890 anuo
950 2817 1072 2916 elapso
1103 2841 1293 2914 possessor
1322 2818 1498 2891 efficiatur
1531 2815 1754 2891 exsecando
1778 2815 1944 2906 decretu,
1986 2823 2024 2888 et

302 2921 434 3014 poterit
466 2918 593 2991 abinde
627 2919 870 3017 praescribere
903 2931 939 2993 et
973 2943 1181 3018 usucapere,
1216 2920 1294 3013 vel,
1333 2919 1433 3018 quod
1458 2919 1581 2992 melius
1604 2929 1676 3011 est,
1718 2919 1837 2992 statim
1864 2914 2025 3014 possidet

302 3021 452 3094 civiliter
478 3033 516 3094 et
540 3022 760 3117 ustus-aliter,
787 3021 871 3094 licet
898 3047 975 3095 eam
1001 3047 1064 3096 reo
1091 3021 1184 3093 iutra
1207 3047 1339 3094 anunm
1361 3022 1514 3096 venienti
1534 3019 1578 3092 ad
1603 3019 1769 3092 iudicium
1782 3021 1945 3092 restituat
1962 3015 2025 3116 ¹³).

406 3123 453 3215 ¹¹)
483 3124 572 3218 Cum
598 3133 716 3195 autem
745 3123 824 3223 quis
849 3123 894 3197 dc
921 3122 1041 3196 debito
1067 3123 1125 3195 vel
1156 3148 1197 3195 re
1222 3123 1338 3222 aliqua
1363 3122 1543 3221 personali
1566 3123 1702 3196 actione
1728 3121 1968 3214 convenitur,'
1987 3131 2025 3192 et

301 3223 432 3297 absens
458 3223 565 3298 l'uerit
589 3225 741 3318 lep'time
768 3226 893 3297 citatus
918 3236 955 3296 et
979 3225 1070 3298 nolit
1096 3226 1235 3316 venire,
1269 3225 1300 3296 si
1324 3238 1378 3297 est
1402 3225 1447 3298 lis
1473 3235 1691 3319 contestata,
1717 3235 1753 3296 et
1779 3222 1892 3320 liquet
1916 3221 2021 3296 totid
2039 3247 2072 3301 et

301 3326 347 3398 de
373 3351 493 3419 causa,
520 3328 655 3424 poterit
679 3324 784 3400 iudex
808 3326 1029 3398 diffinitivam
1052 3327 1146 3398 ferre
1171 3329 1399 3420 sententium,
1429 3338 1470 3399 ut
1495 3327 1584 3400 Cod.
1609 3324 1655 3400 de
1679 3321 1799 3418 iudd,
1826 3322 1861 3397 1.
1886 3324 1911 3396 l.
1938 3349 2022 3421 pro·

301 3428 509 3526 perandum.
523 3423 584 3498 15.
614 3426 665 3527 (5.
679 3425 751 3524 5.),
790 3441 825 3501 et
853 3454 928 3501 eam
954 3429 1172 3502 exsecutioni
1199 3427 1401 3522 mandabit,
1435 3429 1550 3527 primo
1581 3427 1663 3502 loco
1694 3453 1760 3525 per
1785 3452 1843 3500 res
1874 3423 2023 3500 mobiles

300 3533 351 3604 rei
371 3530 526 3604 absentis
549 3530 771 3603 condemnati
798 3530 855 3602 vel
876 3531 1045 3622 confessi,
1073 3530 1231 3604 seeundo
1258 3541 1374 3604 numm
1399 3557 1465 3629 per
1493 3555 1552 3603 ree
1576 3527 1772 3603 immobiles
1799 3530 1939 3627 pignori
1966 3552 2022 3601 ca·

300 3633 464 3733 piendas,
506 3631 633 3705 ultimo
668 3631 749 3706 loco
785 3657 850 3730 per
886 3634 1027 3706 nomina
1062 3643 1099 3706 et
1128 3633 1223 3726 iura,
1261 3633 1292 3706 si
1319 3631 1471 3706 mobiles
1496 3631 1665 3706 deficiunt
1690 3643 1726 3705 et
1749 3628 1956 3703 immobiles.
1984 3641 2024 3700 ut

302 3737 390 3808 Cod.
417 3736 464 3808 de
488 3734 558 3806 iud.
585 3731 625 3828 5,
651 3731 685 3806 1.
724 3735 748 3806 l.
776 3734 1051 3834 properandum.
1076 3731 1138 3806 15.
1170 3733 1206 3834 5.
1239 3738 1294 3807 siu
1328 3747 1444 3808 autem
1479 3759 1571 3808 reus.
1588 3735 1636 3830 15)
1661 3730 1700 3805 ὅ.
1733 3742 1770 3805 et
1794 3733 1885 3827 θὶς.
1907 3731 1952 3804 de
1982 3752 2022 3802 re
2039 3749 2074 3800 uu

301 3839 374 3910 iud.
389 3835 453 3931 11,
484 3834 518 3909 1.
552 3836 576 3910 l.
605 3862 626 3908 a
652 3837 743 3910 divo.
769 3834 828 3910 15.
863 3834 899 3936 5.
933 3837 969 3908 iu
996 3835 1206 3912 venditione.
1251 3835 1287 3910 2.
1338 3837 1480 3911 Etbaec
1512 3835 1660 3909 distrahi
1691 3845 1861 3932 poterunt
1889 3833 2021 3924 statim,

344 4189 381 4271 7)
423 4195 445 4254 1.
461 4197 672 4274 ststdeiussor.
689 4193 796 4272 ,51ιὶ1
812 4191 852 4259 G.
875 4190 942 4274 (Cf.
961 4193 1066 4258 Glues.
1083 4193 1128 4257 ad
1240 4191 1299 4273 10)
1343 4189 1393 4258 Cl'.
1419 4189 1515 4256 Gloee
1552 4190 1595 4255 ud
1615 4185 1681 4253 11.
1704 4183 1788 4252 cod.
1815 4186 1872 4254 ubi
1895 4185 1928 4250 iu
1950 4203 2022 4250 rem

302 4287 324 4352 1.
339 4291 368 4354 2.
385 4287 468 4355 Cod.
482 4293 539 4358 ubi
560 4293 594 4357 iu
617 4314 688 4359 rem
704 4304 768 4360 oct.
784 4304 846 4360 etc.
861 4291 894 4374 3,
911 4294 958 4360 19.
974 4299 1007 4362 tu
1022 4314 1053 4358 v.
1068 4293 1127 4359 im·
1195 4303 1258 4360 aot.
1274 4303 1334 4360 ete.
1348 4291 1381 4372 3,
1398 4291 1448 4359 19.
1462 4291 1496 4357 iu
1510 4313 1541 4357 v.
1554 4285 1698 4378 quolibet
1711 4287 1819 4362 modo.

302 4391 483 4470 mobilem.)
498 4427 540 4442 ·-
559 4393 612 4459 At
627 4397 849 4462 „sciendum”
864 4395 901 4460 B.
916 4433 959 4446 -
974 4395 1074 4462 „sci”
1088 4393 1127 4460 P.
1241 4395 1301 4475 11)
1345 4389 1395 4457 Cf.
1411 4395 1555 4473 [lupulus
1575 4395 1613 4456 θ.
1629 4393 1670 4455 Β.
1688 4387 1720 4478 5.
1736 4389 1807 4455 110.
1820 4383 1979 4474 papatu.

303 4491 374 4558 Sed
387 4492 442 4559 bio
454 4488 551 4559 loeus
572 4493 607 4573 (l.
623 4495 673 4562 15.
688 4495 717 4584 §.
734 4497 780 4581 l.)
800 4496 1006 4563 alteratione
1027 4497 1060 4562 iu
1074 4494 1128 4562 bis
1238 4495 1297 4578 12)
1342 4491 1393 4560 01.
1410 4493 1515 4559 Glosr.
1530 4492 1575 4558 ud
1589 4489 1619 4580 §.
1636 4492 1666 4558 1.
1680 4493 1714 4558 in
1728 4489 1966 4558 concurrerit.

303 4593 554 4680 quaestiom'bus
574 4592 712 4680 allegari
731 4599 870 4666 solebat.
897 4596 1130 4664 etormet
1241 4595 1299 4680 13)
1342 4601 1654 4660 reo--rcatr'tuat
1669 4593 1707 4658 P.
1722 4591 1813 4657 (1.-
1837 4589 1892 4656 At.
1907 4589 2056 4664 »resti-5

302 4696 324 4761 Ι.
339 4693 362 4760 1.
371 4695 403 4762 1.
417 4695 452 4764 in
466 4717 499 4763 v.
517 4693 664 4782 quolibet
676 4701 783 4766 modo.
798 4721 886 4768 vers.
901 4701 979 4766 item
993 4697 1128 4786 emphy-
1199 4698 1538 4776 rontonnacum,
1553 4695 1583 4761 si
1597 4695 1710 4762 veniat
1722 4693 1766 4759 ud
1780 4691 1966 4758 iudicium.”
1981 4691 2021 4756 Β.

302 4809 401 4864 teuto.
1283 4797 1336 4865 Cl.
1351 4799 1457 4865 unes.
1476 4792 1801 4882 1111353301.
1816 4795 1859 4860 de
1873 4813 2021 4878 praescr.

344 4897 383 4982 8)
425 4906 459 4964 to
480 4903 531 4964 tta
553 4905 610 4982 qest
629 4919 661 4962 n.
675 4903 697 4961 t.
713 4905 734 4962 t.
748 4923 773 4964 r.
788 4906 926 4966 tutent.”
940 4901 978 4968 P.
996 4904 1061 4976 tntu
1075 4901 1129 4968 his
1198 4899 1249 4968 30.
1263 4921 1296 4966 v.
1310 4899 1363 4967 13.
1377 4919 1408 4966 s.
1423 4903 1458 4967 tu
1470 4919 1503 4966 v.
1515 4914 1708 4984 possessor.

304 5004 381 5087 „qut
398 5021 433 5066 u.
455 5001 476 5067 ἰ.
497 5002 570 5066 iure
591 5000 744 5066 habent.”
765 5000 824 5084 G.)
855 5037 896 5049 ——
921 5003 972 5068 ΑΙ.
1003 5005 1057 5070 „tu
1076 5003 1131 5069 bic
1242 5002 1301 5084 11)
1343 5002 1383 5068 Β.
1396 5001 1495 5069 inser.
1511 5000 1584 5066 „De
1603 5017 1663 5064 reo
1678 4999 1817 5065 absente
1831 5017 1895 5082 per
1909 5007 2021 5062 coutu-

304 5103 381 5190 „qui
394 5125 427 5168 n.
441 5103 495 5169 ius
508 5102 609 5168 babet
623 5104 657 5168 iu
671 5105 740 5168 re.”
756 5103 795 5168 B.
1199 5105 1388 5189 amacium.”
1403 5141 1444 5156 -
1458 5105 1497 5171 P.
1512 5099 1682 5178 „Qualiter
1697 5100 1817 5167 debeat
1830 5101 1933 5166 iudex
1945 5119 2021 5165 sen·
2041 5121 2073 5173 ιο

345 5203 386 5285 9)
428 5213 461 5268 et
480 5211 532 5270 cut
548 5211 690 5288 precario
710 5241 753 5252 -
771 5241 814 5252 —
834 5211 1073 5286 superficiartue.
1092 5239 1131 5253 -
1201 5206 1356 5272 „tentiam
1370 5205 1575 5272 exsecutioni
1589 5203 1777 5269 mandare.”

302 5305 340 5370 P.
356 5315 390 5370 et
403 5305 524 5373 similit.
541 5307 581 5373 G.
595 5343 636 5358 -
651 5307 689 5372 Β.
704 5326 769 5374 om.
1245 5305 1302 5390 15)
1343 5329 1424 5373 rau.
1440 5306 1476 5370 P.
1494 5303 1533 5371 G.
1552 5341 1593 5354 —-
1608 5303 1647 5370 B.
1661 5325 1725 5370 om.

1748 5453 1819 5528 11*
