4786 5962
963 603 1033 692 (De
1048 607 1198 674 testibus.
1230 605 1326 694 §.Sl
1967 612 2010 678 63

287 795 356 870 laus
385 795 462 867 iura
490 793 691 868 facultatem
717 791 856 868 dicendi
882 795 1089 890 testimonii,
1117 807 1159 868 ut
1184 793 1273 869 Cod.
1299 821 1329 869 c.
1356 809 1382 869 t.
1396 796 1436 892 1,
1464 794 1528 872 00.
1555 798 1579 872 Ι.
1606 797 1779 872 omnilaus.
1796 795 1869 896 10.,
1896 811 1945 894 et,
1971 814 2011 873 ut

288 895 476 996 intelligo,
517 899 589 970 sive
620 897 667 968 sit
693 923 751 970 res
779 922 845 969 sua
878 898 915 969 in
940 908 1076 991 totum,
1116 899 1253 972 sivein
1278 911 1436 997 partem3
1473 927 1545 974 non
1571 903 1662 974 enim
1688 897 1796 975 debet
1825 903 1926 976 testis
1948 904 2010 975 ad·

287 999 424 1094 hiberi,
469 1025 574 1099 quem
599 1000 636 1070 in
662 999 783 1099 aliquo
816 1001 996 1094 negotium
1013 999 1061 1094 15)
1091 1001 1283 1096 contingit,
1325 1013 1411 1102 puta
1441 1003 1683 1102 principaliter
1707 1005 1764 1076 vel
1790 1003 2009 1088 secundario,

286 1106 354 1176 nisi
374 1104 411 1173 in
435 1103 671 1202 testamentis,
712 1127 793 1174 nam
820 1113 906 1175 tnnc
936 1127 1001 1200 per
1035 1127 1141 1176 conse
1192 1103 1319 1176 entiam
1344 1105 1559 1202 permittitur
1586 1102 1763 1212 legatariis
1778 1105 1840 1200 16),
1866 1119 1906 1179 nt
1929 1107 2037 1202 θὶς.’

286 1206 332 1280 de
358 1195 556 1278 testament'
577 1193 643 1298 08,
672 1201 705 1276 1.
732 1204 757 1275 Ι.
786 1205 849 1304 qui
874 1216 1096 1279 testamento.
1121 1129 1190 1276 001
1211 1205 1297 1304 (pr.)
1331 1218 1366 1279 et
1398 1208 1485 1278 last.
1519 1206 1563 1281 de
1598 1197 1792 1281 testament.
1816 1203 1853 1304 0,
1881 1205 1942 1282 10.
1974 1207 2043 1308 §.a

284 1307 477 1403 legatariis.
490 1302 550 1378 ll.
566 1302 635 1404 1⁷),
669 1305 732 1378 sed
758 1304 826 1379 hoc
853 1317 938 1378 tunc
962 1331 1086 1378 verum
1112 1331 1191 1380 esse
1228 1307 1357 1404 eredo,
1399 1308 1542 1407 qnando
1570 1307 1615 1382 de
1640 1307 1777 1382 iuribus
1808 1313 2008 1384 testamenti

286 1409 489 1504 dubitatur,
529 1432 654 1501 secus,
691 1409 720 1479 si
737 1408 793 1480 ‘de
824 1407 942 1502 legato
974 1409 1021 1484 sit
1047 1408 1220 1508 quaestio.
1248 1451 1300 1466 -
1350 1410 1421 1483 Sed
1454 1435 1543 1510 quac
1575 1410 1782 1508 intelligitur
1816 1437 1920 1485 causa
1954 1412 2009 1506 vel

286 1537 345 1586 res
363 1509 539 1609 proprisi
590 1511 723 1607 Ilesp.,
770 1511 870 1582 cuius
907 1509 1182 1583 emolumentum
1218 1509 1276 1585 vel
1308 1510 1472 1584 damnum
1484 1505 1551 1584 “ad
1582 1509 1730 1612 aliquem
1765 1507 1836 1587 sno'
1867 1504 2008 1587 nominc

286 1607 439 1715 pertinet
466 1609 524 1684 vel
549 1623 697 1712 spectat.
724 1624 765 1684 ut
791 1613 871 1704 θὶς.
896 1612 1023 1712 quand.
1055 1609 1257 1713 appelland.
1283 1614 1341 1687 sit
1351 1610 1417 1708 19,
1432 1612 1468 1686 1.
1496 1613 1520 1686 Ι.
1536 1612 1570 1687 1.
1598 1611 1634 1716 §
1661 1617 1698 1687 in
1724 1618 1869 1716 propria
1895 1641 2009 1690 causa.

288 1713 346 1790 ll.
373 1757 425 1770 —
475 1714 673 1788 Secundum
699 1711 769 1786 hoc
794 1715 903 1808 igitur
928 1713 1091 1788 venditor
1116 1741 1188 1787 non
1213 1717 1345 1814 poterit
1368 1715 1462 1790 lerre
1488 1719 1728 1791 testimonium
1755 1719 1880 1791 emtori
1901 1744 2009 1816 super
2027 1735 2060 1785 ιο

287 1843 384 1912 rem,
411 1843 515 1916 ςιιιιιι
542 1816 718 1909 vendidit,
752 1813 797 1890 de
824 1809 1029 1915 quamodo
1055 1817 1218 1917 quaestio
1245 1816 1313 1890 sibi
1343 1831 1516 1892 movetur.
1573 1819 1666 1910 Quid
1693 1844 1778 1914 ergo
1805 1832 1879 1914 est,
1905 1820 2005 1920 quod

286 1921 411 1994 dicitur
436 1918 517 2012 Dig.
542 1919 601 1990 lin.
629 1914 776 2016 regund.
793 1914 857 2012 10,
886 1916 918 1991 1.
945 1917 969 1991 Ι.
996 1943 1057 1992 cos
1087 1916 1239 2012 10118)
1260 1960 1313 1974 -
1363 1921 1438 1994 Nec
1461 1917 1594 2015 obstat,
1623 1920 1721 2020 quod
1746 1919 1886 2016 dicitur,
1911 1921 2009 2022 quod

286 2020 417 2118 singuli
442 2019 487 2092 de
512 2021 739 2094 universitate
771 2032 807 2093 et
840 2020 970 2117 singuli
997 2021 1042 2094 de
1071 2020 1223 2116 collegio
1255 2033 1293 2094 et
1326 2020 1370 2095 de
1399 2023 1546 2122 ecelesia
1579 2021 1697 2122 aliqua
1733 2034 1886 2122 possunt
1915 2025 2009 2097 ferre

285 2123 524 2197 testimouium
551 2149 619 2220 pro
644 2121 887 2216 universitate,
915 2149 983 2221 pro
1009 2120 1159 2218 collegio
1186 2134 1222 2195 et
1247 2149 1315 2222 pro
1341 2115 1510 2220 ecclesia,
1537 2137 1573 2196 et
1598 2123 1684 2197 haec
1709 2137 1764 2197 est
1788 2125 1895 2219 ratio,
1919 2151 2009 2224 qno·

285 2229 379 2299 niam
405 2249 511 2297 causa
536 2225 597 2296 illu
624 2249 696 2296 non
723 2235 778 2296 est
804 2223 1043 2320 singulorum,
1079 2225 1142 2298 sed
1169 2225 1416 2299 universitatis.
1444 2237 1487 2298 ut
1512 2251 1585 2322 arg.
1611 2228 1691 2322 θὶς.
1716 2224 1761 2300 de
1787 2227 1823 2298 in
1842 2227 1897 2298 ius
1924 2253 2000 2300 voc.
2020 2253 2051 2304 rt

286 2325 325 2421 0,
352 2323 389 2398 1.
415 2326 439 2398 Ι.
466 2326 529 2400 scd
555 2327 596 2398 si.
612 2324 672 2398 10.
699 2324 733 2425 g.
748 2323 786 2397 5.
803 2325 852 2425 19)
886 2324 956 2420 (1.)
990 2339 1026 2401 et
1057 2353 1130 2422 arg.
1162 2329 1242 2422 θὶς.
1275 2328 1375 2428 quod
1409 2329 1543 2428 cuiusq.
1575 2329 1728 2401 univers.
1762 2353 1856 2402 nom.
1885 2342 1951 2400 eto.
1967 2327 2008 2420 5,

286 2429 324 2502 1.
350 2429 374 2500 l.
401 2431 431 2500 si
459 2430 661 2526 municipes.
680 2425 717 2501 0.
738 2441 775 2500 et
801 2427 826 2500 Ι.
855 2431 957 2503 sieut.
981 2428 1030 2531 20)
1055 2427 1091 2502 7.
1118 2427 1168 2602 q}
1191 2426 1242 2530 1.)
1276 2442 1313 2503 et
1344 2455 1418 2526 arg.
1452 2431 1489 2501 in
1515 2431 1676 2503 Decretis
1707 2427 1828 2504 011.
1856 2457 1891 2528 q.
1906 2426 1942 2501 0.
1977 2458 2008 2503 c.

287 2557 398 2630 super
422 2531 525 2630 prud.
544 2527 577 2604 1.
595 2533 643 2620 ²¹)
672 2543 707 2602 et
732 2555 806 2625 arg.
836 2530 872 2602 in
896 2533 944 2603 X.
972 2530 1016 2605 de
1041 2533 1123 2604 testi
1150 2583 1159 2603 .
1189 2557 1219 2604 c.
1245 2555 1326 2605 cum
1353 2533 1502 2606 nuncius
1516 2531 1577 2631 22).

388 2637 479 2707 Item
505 2658 597 2704 unus
623 2632 723 2704 solus
749 2633 851 2706 testis
879 2661 950 2705 non
976 2631 1083 2706 debet
1109 2633 1231 2728 audiri,
1259 2647 1297 2705 ut
1321 2633 1514 2707 seeundum
1541 2659 1618 2706 eum
1644 2633 1828 2707 iudicetur.
1856 2645 1894 2706 nt
1918 2633 2007 2708 Cod.

288 2765 318 2812 e.
343 2751 370 2810 t.
385 2736 423 2810 4.
445 2732 509 2808 00.
534 2725 561 2808 l.
587 2734 822 2806 iurisiurandi.
837 2731 873 2807 9.
907 2733 958 2836 (S.
974 2733 1023 2827 l.)
1049 2747 1084 2808 et
1109 2737 1146 2807 in
1171 2735 1331 2810 Decretis
1357 2738 1397 2810 0.
1418 2734 1455 2809 6.
1484 2762 1518 2835 q.
1535 2731 1571 2806 0.
1596 2764 1625 2809 e.
1640 2734 1673 2809 1.
1699 2747 1736 2810 et
1747 2733 1784 2808 0.
1810 2748 1846 2808 et
1871 2761 1902 2809 c.
1929 2735 2005 2834 pla·
2024 2757 2058 2807 ao

288 2842 372 2912 cuit.
387 2837 424 2910 5.
440 2835 489 2936 ²³)
525 2849 561 2910 et
594 2838 634 2909 0.
659 2834 723 2908 55.
758 2833 852 2936 qt.
886 2863 915 2910 c.
949 2837 1147 2911 admonere.
1163 2834 1201 2913 8.
1219 2838 1269 2937 21)
1322 2835 1394 2912 Sed
1449 2837 1635 2937 nandoque
1660 2861 1752 2912 unus
1779 2837 1880 2910 solus
1907 2839 2008 2910 testis

287 2941 483 3014 admittitur
508 2950 545 3012 et
569 2938 760 3010 secundum
785 2963 865 3011 eum
892 2939 1084 3035 indicatur,
1112 2951 1220 3038 puta,
1247 2939 1390 3040 quando
1416 2940 1504 3010 a'us
1531 2937 1577 3012 ob
1604 2938 1672 3015 lroe
1697 2965 1768 3012 noa
1795 2938 1947 3013 laeditur
1972 2951 2008 3012 et

286 3045 436 3116 maxime
472 3043 510 3112 in
548 3039 791 3113 iurisdictione
825 3040 1033 3114 voluntaria.
1067 3052 1109 3113 ut
1140 3043 1176 3114 in
1201 3040 1362 3114 Decretis
1396 3040 1441 3114 de
1473 3066 1630 3118 conseer.
1663 3043 1719 3115 lli.
1742 3039 1779 3115 1.
1817 3067 1847 3116 e.
1875 3065 2007 3140 parvu-

286 3147 355 3217 los.
371 3142 457 3216 110.
495 3152 530 3214 et
561 3143 601 3213 0.
614 3137 649 3212 0.
684 3168 717 3240 q.
733 3137 771 3216 5.
805 3167 835 3215 e.
868 3156 1013 3241 quantu.
1029 3137 1065 3213 8.
1079 3143 1128 3241 25)
1156 3153 1192 3215 et
1216 3143 1255 3214 0.
1274 3141 1308 3216 1.
1335 3161 1370 3242 q.
1387 3140 1422 3214 l.
1458 3166 1488 3216 c.
1522 3142 1684 3216 dominus
1719 3141 1920 3216 declaravit
1944 3138 2006 3214 87.

287 3248 337 3349 (§·
349 3243 401 3336 0.)
454 3243 526 3315 Sed
557 3269 630 3315 non
661 3244 710 3314 ita
740 3245 777 3314 in
814 3245 1051 3317 iurisdictione
1077 3245 1316 3340 contentioso,
1359 3245 1440 3318 licet
1473 3244 1559 3317 alias
1590 3271 1655 3344 per
1688 3270 1768 3318 enm
1823 3245 2006 3344 nandoque
2024 3273 2057 3325 25

286 3349 438 3424 multum
468 3355 726 3444 praesumatur.
758 3355 797 3418 ut
824 3347 903 3441 llig.
930 3346 975 3420 de
999 3347 1083 3419 dote
1108 3343 1352 3444 praeleg.55,
1378 3345 1415 3419 1.
1442 3346 1466 3417 Ι.
1494 3345 1755 3448 Theopompus.
1779 3271 1839 3419 11.
1869 3359 1904 3420 et
1929 3373 2004 3441 arg.

285 3455 366 3547 θὶς.
392 3449 437 3521 de
462 3447 603 3520 iureiur.
620 3444 681 3540 10,
708 3444 745 3518 0.
770 3445 795 3519 Ι.
822 3449 852 3520 si
877 3449 957 3520 duo.
972 3443 1032 3520 15.
1050 3451 1135 3546 (pr.)
1152 3449 1269 3540 21)--
1287 3450 1444 3528 ,Cautum
1472 3461 1589 3522 tamen
1616 3448 1767 3521 liabetur
1792 3449 1828 3519 in
1854 3447 2006 3543 legibus,
2054 3505 2064 3525 .

286 3553 382 3657 qnod
407 3551 512 3623 unius
538 3549 740 3622 testimonio
768 3559 897 3644 statur,
925 3563 963 3622 ut
990 3551 1068 3646 θὶς.
1098 3550 1143 3624 de
1168 3547 1385 3652 probatffl,
1410 3548 1448 3622 5.
1475 3551 1498 3622 Ι.
1522 3577 1600 3623 cum
1622 3548 1847 3651 probatiol.
1871 3564 1907 3625 ct
1926 3553 2006 3646 θὶς.

329 3805 386 3890 15)
429 3828 519 3890 quern
540 3812 572 3868 iu
590 3807 693 3888 utiquo
708 3810 874 3885 negotium.
905 3801 957 3868 Ex
971 3805 1055 3871 coni.
1071 3840 1113 3850 -
1181 3801 1225 3868 al.
1240 3803 1337 3888 pen.”
1356 3837 1399 3850 -
1420 3799 1472 3869 ct
1489 3798 1593 3870 cao...
1617 3805 1660 3870 ad
1679 3801 1710 3868 h.
1724 3802 1840 3872 linv.
1855 3805 2006 3870 dominus

286 3907 336 3973 Al.
359 3928 477 3996 „quem
496 3906 531 3971 in
550 3905 659 3992 aliquo
679 3903 851 3988 negoei0.”
867 3903 906 3970 B.
921 3903 958 3970 P.
988 3943 1029 3953 —
1059 3905 1113 3971 ain
1180 3901 1251 3969 suit

288 4007 417 4096 „aliquo
430 4012 591 4096 negocio,
607 4007 726 4093 quod.”
742 4004 782 4070 G.
1224 4003 1284 4080 19)
1326 4005 1362 4086 5.
1382 4009 1414 4072 3.
1430 4006 1468 4072 B.
1482 4005 1520 4071 P.
1535 4040 1577 4052 -
1591 4003 1678 4070 llud.
1694 4003 1725 4092 §.
1739 4005 1768 4070 1
1784 4003 1881 4070 etsie
1895 4003 1936 4069 G.

331 4107 387 4192 16)
430 4106 644 4190 uacuum.
660 4143 699 4156 -
715 4106 769 4172 Al.
785 4106 1017 4194 „legatarius”
1025 4107 1061 4172 P.
1071 4105 1111 4174 0.
1222 4105 1280 4192 00)
1324 4111 1344 4170 l.
1358 4115 1388 4172 aa·
1401 4113 1513 4170 munta.
1527 4108 1588 4168 etl.
1606 4114 1694 4170 siccet.
1724 4105 1771 4172 lta
1793 4107 2006 4174 scribendum

330 4211 390 4285 17)
433 4209 492 4295 Sp.
508 4209 584 4276 add.
601 4207 722 4278 „multa
733 4208 866 4296 quidem
880 4207 933 4274 his
948 4209 1113 4276 secunda·
1182 4229 1261 4273 esse
1279 4220 1368 4292 puto.
1388 4243 1428 4254 -
1457 4206 1508 4271 Al.
1531 4205 1648 4272 „simul
1668 4219 1702 4272 et
1721 4206 1744 4273 Ι.
1768 4207 1882 4276 sieut.”
1904 4207 1940 4272 Ρ.
1963 4223 2038 4270 -5

288 4313 358 4380 „rio
372 4308 508 4393 liceret,
536 4332 621 4396 quae
636 4309 860 4395 principaliter
873 4331 941 4376 non
955 4310 1052 4390 lieet,
1078 4321 1114 4375 ut
1183 4307 1299 4373 „simul
1316 4322 1348 4372 et
1361 4306 1385 4372 l.
1400 4309 1429 4373 si
1444 4311 1538 4373 eon.”
1549 4309 1586 4372 B.
1602 4347 1641 4356 —-
1659 4307 1700 4375 nl.
1716 4311 1802 4376 sicut
1817 4320 1848 4374 et
1862 4308 1884 4373 l.
1900 4307 2004 4373 si.'’G.

288 4415 342 4480 „in
355 4409 565 4498 praedietis.”
579 4411 618 4476 B.
639 4447 682 4459 -
703 4413 824 4479 „mutu
845 4414 977 4500 quidem
992 4431 1112 4476 secun-
1223 4411 1281 4492 01)
1326 4407 1375 4473 ef.
1403 4411 1506 4480 610...
1535 4411 1570 4476 in
1589 4432 1619 4474 v.
1642 4409 1811 4497 Stephani.
1835 4429 1922 4477 vers.
1943 4413 2004 4474 sed

288 4515 402 4582 „dario
417 4511 543 4590 liceret,
557 4524 594 4576 ut
605 4515 639 4576 iu
653 4515 863 4598 praedietis.”
875 4513 913 4578 P.
923 4555 963 4566 -
979 4513 1021 4580 G.
1036 4525 1113 4598 post
1179 4512 1345 4598 numquid.

286 4618 379 4684 verb.
388 4615 484 4680 sinet.
494 4615 537 4679 de
550 4617 775 4681 tastament”:
792 4616 998 4701 „Legatariis
1013 4613 1113 4681 multa
1225 4613 1286 4694 00)
1329 4637 1356 4678 e.
1373 4614 1424 4679 ll.
1443 4615 1484 4680 X.
1506 4613 1579 4681 1.Ιι.
1601 4617 1670 4694 ι.0,
1688 4613 1738 4682 13.
1765 4615 1824 4680 siv.
1847 4635 1876 4678 c.
1894 4615 1943 4678 10.
1963 4615 2004 4678 Χ.

290 4718 443 4808 „quidem
463 4711 690 4802 principaliter
711 4736 777 4780 non
799 4716 920 4797 licent,
953 4737 1037 4802 quae
1058 4737 1114 4781 se·
1185 4713 1224 4778 G.
1239 4734 1269 4778 e.
1284 4725 1305 4778 t.
1320 4716 1353 4798 0,
1369 4715 1421 4781 00.
1452 4715 1612 4783 Alexand.
1627 4717 1657 4780 3.
2024 4744 2056 4792 10

290 4819 469 4889 „candorio
494 4817 611 4897 licent,
640 4823 678 4879 ut
701 4813 734 4878 in
752 4819 962 4898 praedictis-'²
992 4853 1034 4866 -
1063 4817 1113 4883 01.
1225 4816 1284 4899 03)
1328 4840 1357 4881 c.
1372 4819 1402 4882 1.
1423 4819 1452 4882 0.
1475 4817 1507 4884 3.
1537 4817 1693 4884 Gratiano
1727 4817 1812 4886 duce
1840 4818 2006 4904 iungenda

205 4975 209 4984 .
290 4924 395 4988 Glasa.
418 4919 502 4988 adl.
523 4940 600 4985 cum
620 4915 1115 5006 probatio.7.Dig.deprobat.
1184 4930 1268 4981 snut.
1937 5005 1938 5008 Ἴ

288 5025 342 5103 00,
358 5023 388 5090 3.
404 5025 438 5090 ὶιι
453 5045 484 5089 v.
498 5021 637 5087 videtur.
652 5037 742 5082 vers.
758 5028 823 5080 not.
841 5039 931 5106 ergo.
1224 5019 1283 5100 01)
1326 5039 1415 5086 vers.
1432 5025 1587 5108 quoniam
1600 5039 1665 5086 nec
1678 5020 1885 5107 evangelium
1902 5031 1962 5084 etc.

331 5125 390 5208 18)
430 5123 471 5188 ΙΙ.
495 5123 526 5188 d.
549 5132 624 5189 test.
640 5125 686 5184 10.
702 5120 802 5181 Andr.
823 5125 867 5182 ud
885 5124 925 5184 D.
945 5143 989 5200 ap.
1007 5119 1061 5186 lib.
1082 5122 1112 5186 l.
1225 5119 1283 5202 05)
1328 5117 1378 5185 01.
1397 5123 1501 5187 Olore.
1516 5125 1549 5188 in
1566 5141 1596 5185 v.
1613 5123 1830 5206 responderit.

288 5227 355 5309 pl.
371 5229 416 5290 tit.
433 5226 475 5290 de
490 5237 584 5290 teste.
599 5221 668 5308 §.t
684 5219 880 5286 ιιιιιιι.78.ὶιι
895 5241 926 5284 v.
943 5222 1008 5299 die,
1023 5225 1114 5307 quod
1222 5219 1282 5306 06)
1326 5221 1379 5288 Cl.
1394 5224 1426 5290 Ιι.
1441 5237 1524 5308 part.
1540 5221 1571 5310 §.
1588 5219 1617 5288 0.
1633 5241 1707 5308 pag.
1722 5223 1772 5288 57.
1787 5223 1960 5288 veram
2024 5249 2054 5296 15

289 5349 364 5393 non.
381 5327 472 5393 verb.
488 5328 620 5392 „obstet
639 5324 778 5391 secund.
792 5321 866 5389 Pill.
881 5321 956 5408 θὶς.
970 5319 1024 5385 Ιὶιι.
1041 5341 1112 5407 reg.
