4764 5958
393 557 458 625 37Β
978 548 1114 615 Gratiae
1128 549 1172 612 de
1185 547 1333 614 indiciae.
1348 549 1422 614 ord.
1450 547 1486 613 Ρ.
1501 551 1534 615 2.

397 746 574 821 contraxit
603 769 680 816 cnm
715 768 754 814 ea
788 767 853 838 per
886 738 996 812 rerba
1029 739 1077 811 de
1106 740 1285 836 praesenti
1318 751 1356 810 et
1385 739 1506 812 annuli
1537 739 1738 831 datiam,
1776 737 1967 810 advocatus
1993 739 2045 810 bl.
2068 739 2119 810 sic

397 852 529 922 format
554 861 655 920 tunc:
690 847 724 915 in
751 846 872 941 primis
900 841 1034 915 scribat
1059 843 1094 911 in
1122 842 1266 913 cedula:
1301 845 1402 934 „lste
1429 851 1484 914 est
1507 843 1634 913 titulus
1663 855 1787 913 eontra
1813 853 1923 912 testes
1946 842 2033 933 B.”;
2060 842 2121 912 de·

397 953 477 1023 inde
504 951 556 1022 sic
584 949 742 1044 incipiat:
770 947 835 1039 „Si
859 946 1012 1018 dixerint
1038 955 1146 1015 tmtes
1169 946 1231 1035 Β,
1268 942 1367 1042 quod
1392 946 1443 1016 bl.
1469 947 1647 1016 connexit
1671 969 1752 1016 eum
1780 943 1863 1037 illa,
1898 969 2047 1041 quaeras
2069 941 2116 1013 ab

398 1057 498 1147 „eis,
528 1049 709 1148 quomodo
739 1048 879 1121 sciunt?
924 1050 954 1120 si
979 1048 1059 1118 visu
1085 1047 1141 1118 vcl
1167 1045 1313 1118 auditui
1355 1047 1564 1119 credulitate
1585 1046 1643 1118 vel
1669 1045 1785 1116 iamai
1812 1085 1863 1102 -
1895 1049 1927 1117 si
1952 1046 2117 1140 dixerint,

365 1155 477 1250 a,‚de
500 1156 600 1246 risu,
639 1177 813 1249 quaeras,
842 1149 904 1221 nbi
930 1149 1022 1222 tunt
1066 1161 1102 1219 et
1137 1151 1260 1246 quiet
1289 1160 1379 1246 quot
1403 1162 1606 1246 praesentes
1633 1147 1798 1221 fuerunt?
1827 1189 1877 1204 ·-
1903 1151 1935 1220 si
1954 1147 2119 1240 dixerint,

398 1257 525 1357 „qood
551 1256 587 1326 in
612 1253 730 1342 domo,
758 1277 920 1352 quaeras,
949 1253 986 1323 iu
1002 1250 1098 1349 qual
1125 1262 1161 1322 et
1185 1253 1222 1321 in
1246 1277 1316 1348 qua
1342 1263 1445 1348 parte
1468 1251 1617 1325 domna?
1643 1287 1693 1306 -
1721 1251 1813 1322 etsi
1838 1262 1940 1322 extra
1965 1249 2120 1342 domurn,

399 1385 473 1454 „an
499 1361 534 1429 in
562 1359 638 1447 ria,
677 1356 732 1427 rel
758 1357 794 1425 in
820 1356 958 1451 platea,
999 1353 1056 1424 vel
1080 1354 1118 1422 in
1143 1353 1293 1449 campnl
1333 1365 1369 1424 et
1400 1379 1492 1451 qnae
1526 1352 1677 1424 arboren
1706 1365 1809 1424 erant
1835 1353 1871 1422 in
1897 1352 2046 1450 canpe?
2070 1389 2122 1408 -·-

401 1464 510 1554 „item
537 1459 581 1530 de
611 1471 768 1554 tempure
795 1470 830 1529 et
856 1459 917 1554 qui
944 1453 1117 1550 regnabat
1143 1467 1227 1528 tuuc
1255 1453 1313 1526 vel
1338 1455 1484 1548 regebat
1510 1455 1663 1527 terrani
1694 1493 1746 1510 ·-
1778 1456 1862 1528 item
1888 1455 2016 1553 quibus
2045 1479 2123 1526 ver·

402 1561 484 1658 „bis
512 1561 655 1631 luerunt
683 1558 762 1629 usil
794 1599 844 1612 -
875 1572 911 1630 et
943 1560 973 1630 si
1006 1556 1177 1647 dixerint,
1215 1555 1312 1655 quud
1347 1556 1464 1630 verbis
1498 1557 1543 1629 de
1569 1557 1769 1655 praesenti,
1809 1582 1959 1655 quaeras
1986 1555 2032 1628 ab
2058 1557 2122 1647 eis,

353 1691 386 1742 10
402 1662 540 1760 „rerba
566 1662 611 1733 de
635 1662 814 1759 praesenti
843 1685 935 1759 quae
961 1659 1065 1731 suntl
1107 1673 1144 1730 et
1168 1661 1199 1728 si
1224 1660 1342 1731 sciunt
1371 1659 1591 1750 distinguere
1621 1660 1714 1731 inter
1739 1657 1846 1730 verba
1873 1659 1918 1732 de
1946 1659 2124 1756 praesenti

401 1778 467 1862 „et
491 1762 600 1837 verba
626 1764 671 1835 de
696 1762 838 1834 luturol
872 1803 924 1818 --
958 1763 1062 1855 item,
1095 1761 1127 1830 si
1153 1761 1328 1854 dixerint,
1360 1761 1455 1860 quod
1476 1761 1575 1835 dedit
1599 1761 1768 1833 annulum
1795 1761 1846 1854 ei,
1881 1785 2052 1860 quaeras,
2079 1759 2124 1832 de

398 1865 634 2087 ztttt
659 1861 2124 2086 anancitenuttegantdestinata:

356 2208 387 2258 ,⁵
405 2096 504 2267 :33:¹2
520 2067 1067 2269 lld'lillliloscg‘ld‘.
1089 2067 1932 2269 tltltili..ttltttttt'ltitt.'J'
1952 2093 2126 2244 titt

405 2315 483 2369 ,‚-··
511 2275 594 2344 item
622 2299 773 2371 quaeras
790 2274 839 2360 ³²)
867 2270 913 2342 ab
940 2274 1013 2364 eis,
1053 2295 1159 2370 qnam
1185 2283 1322 2370 partem
1347 2273 1461 2365 magis
1484 2271 1662 2366 diligunt?
1701 2285 1738 2344 et
1759 2297 1865 2370 qnam
1891 2285 2026 2370 partem
2052 2269 2126 2346 vel·

404 2378 506 2472 „lent
525 2385 609 2471 post
635 2373 798 2447 obtinere
822 2376 857 2445 in
885 2373 1014 2446 causai
1048 2415 1099 2430 -—
1130 2376 1235 2468 item,
1275 2385 1445 2472 qnantum
1477 2372 1610 2447 babent
1642 2373 1679 2445 ia
1714 2371 1844 2446 bouis?
1876 2415 1929 2430 -
1953 2377 2058 2468 itera,
2094 2375 2127 2446 ai

403 2476 637 2573 „babuerunt
669 2503 825 2575 unquam
863 2475 954 2548 mala
990 2473 1100 2546 rerba
1125 2501 1204 2548 cum
1228 2476 1349 2573 aliquo
1375 2477 1545 2548 istorum?
1576 2515 1631 2534 -··
1660 2478 1763 2571 item,
1806 2478 1836 2548 si
1862 2477 2025 2550 instructi
2049 2476 2125 2548 l'ue·

404 2592 517 2676 „runt
538 2577 596 2652 vel
621 2577 667 2650 ab
690 2579 807 2677 aliquo
831 2576 1062 2650 concordati?
1093 2617 1146 2636 ·-·-
1175 2579 1280 2671 item,
1306 2578 1337 2649 si
1362 2579 1566 2651 iuraverunt
1593 2579 1630 2651 ia
1655 2579 1806 2650 animam
1831 2603 1952 2672 snam,
1990 2579 2048 2652 rel
2074 2577 2125 2652 al·

354 2709 389 2761 eo
406 2680 567 2778 „teriusl
600 2721 652 2735 -
684 2683 790 2772 item,
829 2681 859 2750 si
894 2691 1100 2775 exspectant
1133 2682 1246 2750 maius
1276 2679 1498 2752 commodum
1529 2681 1574 2753 de
1598 2681 1747 2752 victoria
1779 2682 1905 2775 nnius,
1942 2707 2047 2780 quam
2074 2680 2126 2752 al·

405 2782 651 2880 „tcrinsl''-
676 2783 723 2853 Et
747 2781 937 2853 concludat
962 2783 997 2851 in
1025 2781 1113 2853 fine:
1140 2781 1228 2873 „Sic
1254 2794 1290 2854 et
1316 2781 1453 2876 vos33),
1480 2781 1624 2856 domine
1648 2781 1768 2875 iudex,
1794 2781 1840 2854 de
1860 2783 2022 2856 omuibus
2047 2783 2124 2856 aliis

405 2886 704 2981 „circumstantiis
729 2886 917 2982 inquiratis
929 2884 1000 2981 ³⁴),
1032 2885 1123 2956 sicut
1148 2896 1264 2956 vestra
1291 2883 1456 2956 discretio
1482 2883 1608 2958 viderit
1632 2884 1800 2982 expedire
1825 2885 1870 2956 ad
1897 2885 2103 2958 cantelam.'’

507 2986 608 3058 Sicut
631 2988 796 3084 superius
825 2985 916 3077 dixi,
955 2986 1068 3082 primo
1096 2987 1227 3058 invenit
1252 2985 1377 3058 Baniel
1402 2997 1512 3059 testes
1547 3001 1669 3061 eontra
1695 2985 1890 3060 Susannam
1922 2988 2127 3062 discordan-

406 3103 461 3162 tes
487 3089 532 3162 de
559 3089 663 3184 loco,
697 3102 734 3160 et
758 3085 839 3160 ideo
867 3085 1093 3186 postmodum
1120 3089 1199 3158 iura
1224 3099 1445 3181 statuerunt,
1472 3101 1512 3160 ut
1536 3089 1736 3184 diligentius
1763 3091 1959 3186 inquiratur
1983 3115 2005 3162 a
2031 3093 2129 3164 testi·

354 3212 388 3263 aa
406 3191 475 3262 bns
502 3191 549 3262 de
574 3189 740 3262 omnibns
766 3190 1055 3284 circumstantiis,
1097 3203 1139 3262 ut
1162 3192 1198 3261 in
1225 3189 1415 3286 praealleg.
1440 3189 1534 3264 decr.
1547 3181 1600 3295 3ο)
1636 3203 1672 3266 et
1704 3190 1823 3264 multis
1856 3193 1935 3264 aliis
1960 3219 2129 3292 expresse

406 3293 620 3368 continetur.

506 3393 641 3466 ludices
667 3407 784 3468 antem
809 3395 1018 3491 recipientes
1044 3390 1199 3490 bunc³⁶l
1228 3393 1365 3465 titulum
1392 3393 1521 3467 lactum
1551 3420 1573 3465 a
1604 3421 1688 3487 reo,
1728 3419 1809 3466 eum
1835 3396 2021 3490 diligenter
2045 3422 2126 3470 exa·
2170 3451 2173 3464 .

406 3499 559 3589 minent,
583 3507 619 3568 et
645 3499 769 3596 siqua
796 3509 880 3569 sunt
905 3495 1015 3568 verba
1041 3495 1242 3592 superflua,
1269 3509 1447 3591 resecent3
1473 3497 1628 3594 alioquin
1653 3497 1847 3570 secundnm
1874 3525 1950 3570 eum
1976 3500 2127 3574 interro·

406 3612 492 3693 gent
511 3600 559 3688 ³⁷)
586 3611 714 3690 testes,
756 3609 792 3670 et
823 3600 855 3669 si
883 3623 951 3697 qua
979 3596 1127 3691 desunt,
1166 3621 1211 3670 ex
1236 3598 1353 3672 officio
1380 3599 1571 3697 suppleant
1604 3611 1641 3670 et
1667 3600 1895 3696 postmodnm
1920 3601 2127 3678 exaadneut.
2179 3643 2182 3650 ·

357 3713 392 3766 Β)
409 3703 448 3774 Si
474 3725 559 3774 vero
587 3727 630 3774 ex
657 3701 787 3772 malitia
812 3700 871 3771 vel
895 3700 1108 3794 negligentia
1133 3724 1206 3771 uon
1229 3701 1461 3794 interrogent,
1500 3699 1590 3771 bene
1616 3713 1699 3799 post
1724 3700 1998 3800 publicationem
2024 3707 2128 3778 etiarn

408 3807 682 3897 interrogentur.
733 3801 780 3875 X.
804 3805 847 3874 G.
871 3801 916 3875 de
940 3801 1061 3886 testib.
1074 3797 1112 3892 Β,
1128 3797 1192 3871 ΒΟ.
1219 3827 1249 3872 c.
1275 3825 1339 3899 por
1363 3815 1454 3874 tuas.
1474 3799 1538 3874 ⁴8.
1553 3791 1609 3905 38)
1691 3851 1694 3858 ‚

168 3974 173 3984 .
324 3905 410 4013 §.lb
511 3903 546 4004 S.
599 3907 706 3978 Facta
721 3903 771 4001 ³⁹)
798 3904 906 3997 igitur
931 3905 1035 3975 tertia
1062 3903 1292 4000 productione
1318 3907 1472 3994 testium,
1496 3915 1532 3974 et
1555 3902 1717 4002 partibus
1744 3931 1862 3978 coram
1888 3907 2002 3982 iudice
2026 3933 2127 4007 prae·

409 4009 569 4101 scutatis,
597 4007 730 4079 iaciant
752 4006 886 4078 iudices
912 4007 1104 4078 renuntiari
1128 4005 1354 4101 productioni
1384 4009 1538 4079 testium.
1572 4007 1619 4077 Et
1652 4007 1745 4080 facta
1775 4013 2031 4088 renuntiatione
2056 4023 2128 4084 sta·

409 4113 472 4182 tim
498 4121 599 4207 petat
622 4121 721 4182 actor
747 4120 856 4180 testes
883 4105 1066 4204 publicari.
1117 4105 1230 4181 ludex
1262 4121 1378 4181 autem
1409 4109 1603 4206 praecipiat
1633 4112 1789 4202 notario,
1830 4112 1927 4211 quod
1957 4113 2051 4208 legat
2076 4127 2128 4188 te·

360 4232 392 4284 ³5
409 4224 493 4284 stes.
545 4212 715 4283 Notarius
742 4222 856 4282 autem
883 4210 919 4278 in
947 4210 1086 4282 nomine
1110 4211 1176 4282 Dei
1209 4210 1351 4309 incipiat
1378 4209 1496 4308 legere
1520 4221 1650 4306 testes,
1690 4215 1780 4286 etsi
1808 4226 1863 4288 est
1890 4240 2014 4310 magna
2040 4218 2128 4290 mul·

408 4314 525 4387 titudo
549 4312 710 4404 testium,
732 4312 854 4406 ¹legat
884 4309 978 4387 dicta
1010 4313 1112 4384 ιιιιίιιι
1138 4313 1260 4408 testis,
1303 4311 1360 4385 vel
1390 4313 1420 4384 si
1446 4314 1690 4385 attestationes
1718 4325 1800 4386 sunt
1827 4317 1929 4388 nimis
1956 4317 2129 4415 prolixae,

409 4415 540 4486 sullicit
574 4438 677 4484 unam
709 4412 776 4508 lagi
808 4439 874 4512 pro
907 4411 1081 4486 omnibus.
1133 4414 1229 4486 Reus
1257 4427 1374 4498 autem
1399 4417 1446 4488 sit
1477 4428 1620 4507 cautus,
1660 4417 1751 4490 deut
1776 4407 1938 4516 superius
1966 4420 2129 4517 diximus,

383 4529 489 4588 ante
517 4515 783 4614 productionem
798 4516 862 4613 ⁴⁰),
892 4515 999 4588 itaet
1026 4541 1117 4588 nuuc
1142 4530 1223 4590 ante
1249 4507 1522 4615 publicationem
1549 4518 1703 4612 testium,
1732 4529 1766 4592 et
1777 4533 2006 4618 protestetur,
2033 4525 2130 4626 quod

453 4867 511 4945 32)
554 4891 696 4954 pamas.
714 4905 755 4918 -
769 4868 807 4934 Β.
824 4873 1014 4955 „quaerat”
1345 4871 1404 4948 37)
1446 4894 1517 4937 aar·
1530 4879 1725 4955 numm.
1746 4906 1788 4924 -··
1808 4874 1849 4942 Β.
1871 4895 1933 4944 nea
1946 4877 2129 4961 interroga-

451 4969 509 5048 33)
552 4991 616 5038 sos.
633 5005 673 5020 -
688 4969 728 5036 Β.
743 4973 860 5036 „nom”
1301 4973 1461 5040 „nones”

390 5093 393 5100 ’
450 5073 508 5149 34)
550 5079 724 5156 inqrriratr'a.
738 5069 835 5136 -Β,
851 5071 1080 5158 „iniquitatis”
1344 5074 1403 5150 38)
1446 5075 1568 5142 llonor.
1584 5075 1616 5142 3.
1642 5073 1693 5144 Cl'.
1714 5077 2132 5148 castrametandum.

450 5175 508 5248 35)
551 5193 629 5259 pag.
644 5172 718 5240 371.
732 5189 823 5237 vers.
838 5173 890 5239 25.
906 5185 939 5238 et
953 5193 1025 5260 eq.
1345 5175 1406 5252 39)
1446 5178 1663 5244 Fam-B.
1679 5176 1844 5249 „Consu”

377 5289 394 5338 a
451 5275 509 5350 36)
552 5279 643 5340 dunc.
660 5307 699 5322 -
714 5272 753 5339 B.
769 5272 1068 5352 „h’nra’chateata
1343 5279 1402 5357 4⁰>
1447 5278 1497 5348 Gl-
1513 5301 1589 5366 pag.
1604 5277 1678 5347 371.
1693 5303 1785 5350 vers.
1801 5286 1831 5352 1.
1848 5294 1966 5370 etseq.
2097 5285 2100 5310 ¹
