4782 5960
498 582 560 650 Tit.
576 583 608 650 5.
637 581 690 651 De
705 567 860 670 appellat.
891 581 923 670 ἓ.
941 583 990 650 tt
1034 583 1096 651 Tit.
1110 585 1143 651 6.
1171 583 1272 652 Dein
1286 585 1450 671 integrum
1464 587 1679 654 restitutione.
1706 587 1785 676 §.L
1938 591 2003 658 335

276 777 467 869 uilitatem,
494 775 578 874 quia
605 772 879 850 iurisdietionem
905 799 979 848 non
1001 772 1122 850 babet.
1147 785 1190 848 ut
1217 773 1305 850 cod.
1330 773 1376 848 de
1402 773 1525 852 arbitr.
1539 773 1578 872 2,
1595 773 1657 852 do
1684 775 1759 854 ll.
1784 790 1820 853 et
1846 776 1937 856 (1.3.
1965 807 2000 882 q.

274 877 314 951 6.
337 905 369 954 o.
391 905 413 950 a
437 873 697 952 iudicibusbd.
711 875 776 974 152)

376 981 496 1076 „lles,
527 1005 616 1080 quae
643 977 771 1077 perit”,
798 977 934 1074 idest,
960 1004 1052 1080 quoe
1078 1004 1150 1078 non
1178 981 1272 1078 capit
1296 977 1514 1075 dilutionem,
1540 992 1582 1054 ut
1606 983 1686 1077 lug.
1713 981 1758 1058 de
1783 982 1917 1080 appell
1943 1009 2000 1058 re·

273 1082 426 1183 cip-dii,
440 1081 476 1156 5.
502 1083 527 1155 l.
555 1082 639 1178 ult3
664 1080 721 1153 vel
747 1081 827 1180 qnia
852 1083 1065 1180 appellatur,
1092 1107 1137 1154 ne
1165 1080 1373 1156 absolvatur
1397 1085 1737 1180 excommunicatum
1764 1086 1846 1159 talis
1875 1087 1999 1186 appel·

275 1187 364 1262 latio
389 1211 463 1262 non
497 1185 603 1258 ualet.
637 1195 677 1256 ut
711 1181 808 1256 ΧΑ.
839 1183 884 1258 de
918 1185 1050 1284 appell.
1064 1181 1101 1277 2,
1119 1181 1182 1256 20.
1214 1211 1244 1258 e.
1276 1209 1348 1282 quo
1382 1177 1673 1290 fronte.tt.1⁵³)
1708 1198 1745 1260 et
1777 1190 1814 1262 iu
1848 1189 2035 1265 conditos

276 1289 506 1366 moruncurt
531 1286 724 1360 Innocentii
750 1287 857 1358 tertii.
884 1312 916 1360 e.
942 1313 1044 1360 suero
1072 1285 1307 1384 approbante.
1318 1284 1382 1360 47.
1400 1277 1469 1460 154)
1717 1306 1726 1323 ·

378 1431 431 1448 -
459 1392 549 1464 Cum
571 1414 658 1462 vero
685 1387 844 1486 appellet
868 1392 951 1488 quis
978 1401 1080 1462 extra
1105 1389 1272 1481 iudicium
1299 1415 1366 1485 pro
1393 1387 1438 1460 de
1454 1389 1598 1462 eusionc
1623 1390 1710 1462 iuris
1732 1393 1807 1483 sni,
1841 1417 1914 1466 nou
1940 1391 2001 1468 dc·

277 1493 340 1566 bet
364 1489 565 1591 prohiberi,
593 1493 659 1564 nisi
682 1491 904 1564 frustratoria
928 1494 1070 1566 notoria
1095 1503 1190 1565 esset
1214 1491 1419 1588 appellatio.
1466 1492 1514 1564 Et
1539 1503 1728 1591 postquam
1756 1505 1898 1566 constet
1922 1521 2002 1568 eum

275 1596 433 1691 legitime
461 1594 684 1692 appellasse,
717 1591 853 1686 omnia,
883 1619 974 1691 quae
1000 1605 1124 1668 contra
1148 1593 1420 1691 appellationem
1447 1592 1577 1666 luerint
1601 1606 1792 1688 attentata,
1833 1597 2001 1670 cassanda

277 1710 381 1790 suut,
408 1710 456 1872 ppt
481 1695 576 1773 x.5.
601 1696 647 1771 dc
674 1691 858 1794 appellb,
874 1692 934 1770 19.
959 1721 989 1770 c.
1015 1695 1131 1772 bonne
1157 1696 1356 1771 memoriae.
1371 1692 1407 1768 9.
1425 1689 1515 1798 1⁵5),
1547 1695 1707 1796 alioquin
1734 1698 1817 1770 tulis
1843 1698 2053 1796 appella-10

278 1803 330 1874 tio
357 1827 407 1874 nu
435 1803 444 1821 '
472 1811 586 1874 nocet.

854 1979 908 2048 De
923 1983 956 2050 in
970 1981 1134 2070 integrum
1147 1982 1365 2052 restitutione.
1385 1985 1419 2068 ¹)
1723 2060 1729 2070 ,
2004 1993 2087 2072 Τ.6.

385 2110 477 2198 Quia
503 2132 610 2206 saepe
634 2104 800 2178 iudicium
826 2117 1019 2178 renovatur
1035 2103 1068 2206 ²)
1094 2131 1159 2203 per
1184 2103 1390 2178 beneficium
1417 2106 1653 2180 restitutionis
1680 2108 1718 2178 iu
1745 2107 1940 2200 integrum,
1969 2116 2006 2178 et
2096 2116 2108 2138 '

280 2212 476 2304 sententia,
514 2235 602 2308 quoe
627 2209 729 2282 nullo
756 2206 826 2282 alio
851 2207 1007 2280 remedio
1033 2208 1217 2282 retractari
1240 2219 1382 2306 potest,
1421 2234 1487 2306 per
1520 2210 1613 2282 idem
1647 2207 1856 2282 beneficium
1883 2206 2004 2280 suble·

281 2325 385 2386 vatur
402 2325 439 2388 et
459 2312 631 2385 scinditur
649 2300 709 2415 ³),
737 2311 868 2384 ideirco
893 2311 928 2381 iu
953 2310 1023 2382 line
1048 2311 1242 2409 praesentis
1268 2310 1476 2384 iudiciorum
1502 2312 1684 2385 doctrinae
1712 2309 1757 2384 de
1783 2311 2056 2394 restitutionem

279 2417 317 2488 in
329 2418 505 2510 integrum
522 2425 709 2488 tractatum
725 2410 963 2484 subiiciamus.
1016 2413 1208 2484 Videamus
1235 2437 1335 2506 ergo,
1362 2413 1448 2510 quid
1475 2415 1522 2486 sit
1547 2415 1584 2486 in
1607 2416 1785 2508 integrum
1811 2413 2004 2503 restitutio,

282 2520 363 2618 quis
389 2530 511 2616 potest
537 2529 657 2614 petere
682 2517 719 2588 iu
747 2516 922 2608 integrum
949 2515 1227 2606 restitutionem,
1266 2514 1419 2613 qualiter
1445 2515 1597 2612 petendu
1623 2517 1690 2608 sit,
1734 2513 1879 2613 quando
1909 2538 2005 2588 eom·

278 2622 372 2721 petit
397 2620 465 2695 boc
492 2617 724 2711 beneficium,
759 2617 851 2686 iutra
877 2615 975 2715 quod
1002 2628 1140 2716 tempus
1166 2618 1239 2713 peti
1263 2629 1301 2689 et
1324 2617 1401 2690 lieri
1427 2616 1554 2692 debeat
1578 2617 1666 2692 baec
1691 2619 1891 2711 restitutio,
1924 2614 2004 2715 quis

236 2791 238 2796 ,
282 2725 397 2821 possit
421 2723 630 2813 restituere,
657 2719 801 2816 etquis
831 2719 877 2789 sit
902 2720 978 2790 eius
1005 2720 1152 2800 effectus
1170 2715 1215 2817 ⁴).

382 2824 417 2923 5.
468 2825 511 2896 ln
536 2825 712 2917 integrum
739 2820 917 2891 restitutio
954 2832 1008 2895 est
1040 2822 1169 2918 prioris
1197 2833 1311 2894 status
1340 2820 1398 2895 vel
1428 2820 1514 2894 iuris
1541 2820 1598 2894 vel
1623 2821 1821 2896 audientiae
1851 2817 2040 2926 redime-g.
2056 2821 2089 2896 l.

282 2925 411 3020 gratio.
436 2937 478 2998 ut
503 2919 598 2996 Η.
624 2919 717 3022 q.5.
743 2919 1009 3018 §.notandum
1037 2923 1097 3020 (ad
1126 2949 1155 2995 c.
1170 2917 1223 3022 8.)
1251 2925 1287 2996 iu
1314 2923 1340 2994 f.
1367 2934 1402 2996 et
1428 2924 1475 2995 X.
1491 2921 1529 2996 5.
1562 2924 1608 2996 de
1632 2934 1717 2996 rest.
1742 2923 1778 2994 in
1804 2924 1869 2995 int.
1887 2919 1923 3016 l,
1941 2919 2004 2996 24.

283 3053 314 3100 e.
341 3053 387 3098 ex
414 3027 536 3100 literis.
553 3023 590 3096 5.
609 3022 640 3124 ⁵)
718 3021 791 3095 Sed
816 3023 942 3096 barum
968 3025 1228 3099 restitutionum
1257 3025 1326 3096 ulia
1351 3023 1504 3100 debetur
1529 3024 1607 3100 sola
1635 3023 1896 3118 misericordia,
1938 3024 2005 3097 aliu

282 3129 327 3204 de
349 3129 483 3202 iustitia
509 3125 639 3200 debita.

384 3233 437 3306 De
464 3231 541 3304 solu
567 3227 808 3303 misericordia
834 3225 986 3300 debetur
1011 3225 1093 3320 illa,
1130 3251 1236 3326 quam
1267 3230 1403 3304 ratione
1434 3239 1597 3328 peractae
1628 3230 1862 3328 poeniteutiae
1895 3229 1998 3302 mise·

283 3333 470 3408 ricorditer
494 3333 584 3431 petit
611 3355 800 3429 suspensus
828 3328 873 3400 ab
900 3356 966 3424 eo,
993 3331 1051 3428 qui
1078 3331 1284 3427 suspendit,
1312 3330 1368 3403 vel
1397 3333 1471 3403 eius
1496 3332 1693 3430 superiore.
1721 3343 1761 3403 ut
1784 3326 1953 3404 tricatio.
1976 3355 2006 3404 c.
2023 3345 2057 3397 2⁵

283 3449 523 3512 contumaces.
538 3431 601 3506 2l.
626 3445 661 3506 et
687 3433 733 3504 X.
749 3429 786 3503 5.
812 3431 856 3507 de
887 3433 1003 3506 cleric.
1027 3456 1101 3504 uon
1127 3429 1233 3504 resid.
1260 3434 1297 3504 iu
1325 3433 1451 3506 eccles.
1475 3432 1668 3532 praebend.
1682 3430 1721 3527 5,
1738 3429 1776 3505 4.
1802 3458 1832 3505 c.
1859 3459 1903 3506 ex
1929 3444 2009 3505 tuae

284 3535 545 3615 devotionisd.
563 3536 595 3636 ⁶)
648 3536 844 3635 Depositus
872 3560 956 3609 uero
989 3559 1010 3606 a
1041 3533 1122 3608 solo
1150 3560 1242 3632 papa
1269 3561 1347 3608 eum
1372 3547 1495 3634 petere
1521 3547 1652 3634 potest.
1678 3546 1720 3607 ut
1746 3531 1837 3608 (3.3.
1863 3561 1899 3634 q.
1915 3531 1950 3606 6.
1977 3560 2007 3607 c.

288 3830 291 3840 ·
328 3792 406 3876 152)
451 3789 503 3856 Cf.
520 3791 624 3856 Glose.
642 3789 677 3854 in
689 3808 724 3854 u.
737 3787 870 3856 valebit.
1228 3789 1266 3866 1)
1308 3787 1486 3856 Itanoster
1500 3798 1585 3875 part.
1600 3795 1632 3857 3.
1647 3788 1694 3852 tit.
1711 3786 1760 3852 13.
1776 3785 1808 3874 §.
1822 3785 1852 3852 3.
1877 3785 1911 3852 in
1925 3783 1960 3864 l,
1976 3797 2009 3852 et

329 3893 410 3977 153)
453 3915 484 3960 o.
495 3891 548 3958 25.
561 3891 603 3958 X.
614 3891 655 3957 G.
665 3912 694 3958 e.
703 3890 825 3966 t.2‚28.
840 3889 1003 3956 Alexand.
1012 3889 1041 3958 3.
1058 3887 1108 3956 Cf.
1183 3889 1220 3955 1².
1235 3895 1266 3956 2.
1284 3929 1326 3942 —-
1345 3889 1400 3958 Al.
1415 3891 1502 3978 vulg.
1523 3890 1594 3957 nDe
1608 3890 1813 3955 restitutione
1827 3889 1863 3954 in
1877 3889 1951 3954 iut.'’
1967 3924 2009 3936 -

287 3997 392 4060 Gloss.
421 3999 456 4061 in
477 4015 508 4060 v.
535 3995 683 4060 decedet.
709 4013 799 4060 vers.
821 4003 854 4060 et
872 3992 948 4058 ideo
974 4003 1110 4078 propter
1184 3990 1223 4058 B.
1246 3992 1284 4056 L.
1304 3993 1379 4059 1.‘.².
1408 3993 1479 4059 „De
1495 4004 1574 4057 rest.
1594 3993 1628 4056 in
1643 3991 1698 4056 int.
1714 3986 1898 4071 ecelesiae,
1913 3992 2008 4075 reip,

285 4096 470 4181 pericolum
498 4097 624 4163 monis.
654 4106 687 4162 et
714 4115 805 4162 vers.
830 4106 1010 4178 praeterea
1030 4093 1110 4160 nihil
1185 4095 1368 4160 „minorum
1389 4105 1424 4160 et
1442 4093 1633 4159 maiorum.”
1661 4125 1702 4140 -
1729 4094 1776 4154 10.
1792 4091 1896 4154 Andr.
1909 4098 1953 4154 od
1965 4096 2007 4155 D.

286 4199 425 4283 deperit.
1182 4217 1229 4278 sp.
1259 4195 1317 4262 lib.
1331 4201 1363 4262 2.
1390 4217 1423 4278 p.
1437 4193 1470 4262 3.
1490 4197 1525 4259 in
1544 4194 1633 4258 rubr.
1647 4193 1692 4256 de
1708 4202 1788 4258 rest.
1803 4193 1837 4258 in
1851 4193 1907 4260 int.
1936 4193 2008 4260 elix
2026 4209 2042 4260 5

330 4299 409 4382 154)
451 4306 486 4362 in
506 4321 589 4364 emec.
612 4303 721 4362 quoc.
744 4307 763 4360 t.
790 4319 881 4362 sucro
909 4302 1108 4379 approbante.
1185 4295 1446 4382 „antiquioribus
1468 4294 1562 4361 solus
1577 4293 1701 4360 Taucr.
1715 4292 1805 4360 illam
1820 4295 1947 4378 posuit3
1977 4308 2011 4359 et

288 4402 352 4478 (ltu
365 4403 462 4466 etiam
473 4399 554 4466 B.B.
570 4401 667 4466 codd.
683 4399 723 4464 E.
738 4398 814 4465 Hel.
829 4435 872 4448 -
886 4400 926 4464 A.
945 4421 993 4466 eo.
1011 4419 1109 4466 suero
1183 4409 1258 4464 sest
1272 4397 1384 4462 ultima
1399 4399 1433 4463 in
1446 4397 1586 4480 opere.'’

288 4503 587 4588 uappmbtnte.”-
600 4497 765 4568 Oudde.
773 4501 804 4566 9.
813 4499 903 4586 vulg.
913 4503 966 4567 ein
981 4503 1108 4568 const.”
1226 4497 1264 4580 2)
1306 4505 1484 4562 renouatur.
1508 4531 1549 4546 -
1578 4497 1619 4564 E.
1633 4504 1667 4564 et
1681 4495 1734 4564 Rf.
1750 4497 1779 4564 l·
1796 4501 1828 4566 2·
1851 4515 2009 4564 »revoca-

217 4679 223 4688 ,
287 4605 331 4672 al.
346 4607 401 4672 siu
414 4602 553 4670 concil.”
575 4603 706 4668 „innoc
728 4622 758 4668 e.
786 4607 917 4668 sacro.”
945 4637 988 4650 —
1016 4602 1062 4670 Μ.
1077 4605 1109 4670 2.
1183 4600 1286 4670 „tun”

288 4705 585 4776 „inconsutnnoc
605 4705 804 4770 deseutent.
824 4706 1110 4771 excommunico.
1225 4705 1263 4787 3)
1307 4705 1468 4768 sciuntur.
1494 4735 1537 4748 -
1565 4699 1604 4766 E.
1620 4710 1653 4766 et
1667 4697 1719 4764 nt.
1736 4699 1765 4765 1.
1781 4703 1814 4765 2.
1830 4703 2008 4770 oresoindi·
2028 4709 2060 4762 to

288 4809 457 4885 »sucro.’')
472 4829 501 4874 c.
513 4807 546 4874 5.
567 4805 610 4872 X.
626 4805 656 4870 4.
673 4806 715 4870 de
731 4815 815 4872 sent.
833 4825 994 4870 excomm.
1008 4808 1041 4887 5,
1058 4805 1110 4873 15.
1185 4805 1292 4872 „tun”

193 4940 198 4952 ·
287 4915 349 4981 siv.
365 4934 394 4980 c.
409 4907 460 4976 48.
490 4909 533 4976 X.
549 4907 589 4974 G.
604 4927 636 4976 e.
651 4918 674 4974 t.
688 4906 721 4988 ὅ,
736 4905 789 4974 39.
820 4904 871 4970 cf.
897 4907 1002 4970 Gloss.
1023 4907 1057 4971 in
1079 4927 1108 4974 v.
1226 4907 1267 4987 4)
1310 4905 1391 4972 Hor.
1414 4905 1553 4970 membr.
1572 4913 1646 4970 test.
1662 4907 1707 4970 10.
1723 4902 1827 4970 Auru.
1850 4910 1896 4976 ad
1907 4907 1947 4970 n.
1963 4930 2008 4989 sp.

288 5014 416 5083 deferet
429 5009 540 5080 iubae
553 5021 659 5094 perte.
674 5017 707 5074 et
720 5008 753 5073 in
769 5029 801 5073 v.
815 5007 975 5074 absolvat.
1184 5007 1206 5074 l.
1223 5006 1243 5071 l.
1259 5027 1311 5091 pr.
1325 5008 1358 5072 in
1374 5025 1406 5073 v.
1422 5007 1571 5073 effectus.

332 5115 412 5196 155)
455 5113 551 5185 col.
572 5111 614 5176 X.
630 5109 670 5176 G.
686 5131 716 5176 e.
730 5120 753 5175 t.
767 5115 800 5189 2,
815 5105 869 5176 28.
886 5109 997 5176 lnuoo.
1011 5108 1041 5174 3.
1057 5105 1111 5176 Cf.
1226 5107 1264 5190 5)
1309 5108 1442 5174 cdx.
1459 5107 1582 5173 uua
1600 5105 1870 5189 1,41.1nuoo.3.

288 5229 445 5300 context,
468 5233 565 5303 quem
579 5213 697 5299 Roym
712 5233 791 5290 om,
813 5220 845 5277 et
859 5211 965 5275 Graes.
980 5213 1013 5276 in
1028 5229 1059 5276 v.
1076 5209 1111 5278 in
1226 5209 1265 5296 6)
1308 5207 1868 5293 c.11.x.G.e.t.t‚t.1moc.3.
2029 5219 2060 5271 rs

288 5313 824 5400 eumstutum.vers.potestdioi‚
843 5309 1110 5402 quodmouuobi.
1756 5397 1811 5474 59
2099 5325 2102 5334 ·
