4812 5966
407 551 470 620 140
702 566 705 575 ·
1004 547 1169 614 Tencredi
1182 547 1254 615 ord.
1267 547 1429 614 iudiciarii
1443 547 1479 614 Ρ.
1488 549 1518 614 2.

324 743 404 846 §.l
507 739 542 841 S
593 741 846 837 Exceptionum
879 739 986 832 igitur
1020 737 1086 810 alia
1119 747 1173 810 est
1204 736 1388 832 dilatoria,
1424 737 1493 808 alia
1527 737 1737 833 peremtoria
1745 765 1757 834 3
1796 736 2033 811 dilatoriamm
2059 740 2129 814 alix

407 843 633 916 declinatoria
660 843 795 933 iudicii,
842 839 909 911 ulia
939 839 1101 912 diletoriu
1135 840 1334 912 solutionis.
1387 837 1458 911 Sed
1485 861 1625 931 earum,
1669 865 1761 937 quae
1787 840 1832 912 ad
1860 841 2128 916 declinationem

407 945 525 1016 indicii
549 946 701 1035 iaciunt,
732 941 901 1040 quaedam
930 953 1133 1039 competunt
1161 967 1206 1015 ex
1231 945 1307 1039 ipsa
1332 940 1594 1034 iurisdictione,
1627 941 1799 1038 quaedam
1825 967 1870 1013 ex
1896 967 2047 1040 persona
2073 947 2127 1017 iu·

408 1046 541 1138 dicum,
583 1045 752 1145 quaedam
778 1069 864 1116 vero
890 1067 939 1115 ex·
958 1067 1108 1141 persona
1135 1046 1265 1116 actoris
1292 1043 1347 1116 vel
1373 1045 1448 1116 eius
1475 1044 1740 1142 procuratoris,
1775 1045 1947 1142 quaedam
1976 1071 2020 1120 ex
2044 1070 2124 1143 per·

376 1168 497 1221 osona
523 1151 628 1245 ipsius
656 1148 727 1239 rei,
759 1147 819 1244 qui
843 1147 1051 1218 convenitur
1068 1147 1110 1236 ³).

509 1247 851 1340 Generaliter-tene,
878 1246 976 1343 quod
997 1273 1117 1318 omnes
1142 1249 1385 1345 exceptiones,
1415 1271 1504 1345 quae
1533 1245 1576 1317 ad
1603 1245 1849 1325 declinandum
1875 1246 2046 1322 iudicium
2072 1249 2127 1321 la·

408 1353 518 1445 ciunt,
551 1354 586 1422 in
608 1351 779 1449 principio
805 1351 896 1420 iuter
923 1349 999 1446 ipsa
1026 1350 1098 1420 litis
1126 1351 1278 1446 auspicia
1304 1361 1388 1420 sunt
1411 1348 1663 1447 proponendae
1684 1361 1720 1421 et
1746 1347 1971 1446 probandae,
2007 1362 2043 1424 et
2069 1353 2129 1451 qui

407 1467 492 1525 tuuc
524 1479 584 1525 eas
618 1453 811 1543 dimiserit,
846 1450 891 1522 sd
926 1477 985 1522 eas
1017 1450 1242 1550 postmodum
1271 1451 1385 1523 redire
1412 1475 1483 1522 non
1513 1452 1656 1548 poterit.
1683 1462 1723 1524 ut
1748 1447 1838 1522 Cod.
1865 1450 1911 1523 de
1935 1465 2072 1551 except.
2087 1450 2127 1548 8,

406 1553 468 1626 56.
497 1555 521 1626 l.
548 1579 627 1652 pen.
660 1565 695 1626 et
725 1554 748 1624 l.
784 1554 847 1625 ult.
879 1551 978 1625 115.
1005 1554 1051 1624 de
1076 1565 1167 1623 sent.
1193 1565 1229 1625 et
1262 1579 1301 1624 re
1326 1547 1451 1645 1441,
1471 1547 1534 1622 18.
1560 1577 1590 1624 c.
1617 1555 1709 1624 inter
1734 1554 1997 1626 monesterium.
2012 1553 2075 1629 10.
2094 1553 2126 1649 4)

358 1655 504 1729 11Χᾶ
533 1657 595 1753 ¹qui
621 1657 769 1726 matrim.
796 1656 917 1727 44444.Ι
939 1679 1034 1752 poss.
1054 1652 1170 1745 4,15.
1196 1681 1226 1726 c.
1254 1679 1319 1751 per
1344 1650 1487 1726 14449.
1507 1653 1540 1751 5)

507 1758 549 1828 14
565 1757 617 1828 liis
636 1759 726 1828 enim
745 1755 777 1856 1)
800 1757 1038 1854 proponendis
1054 1756 1244 1828 advocatus
1259 1755 1429 1852 providus
1447 1753 1538 1826 lruno
1554 1755 1713 1827 ordinem
1729 1755 1906 1850 servabit,
1926 1769 1987 1852 ut,
2009 1759 2039 1830 si
2055 1781 2127 1856 qna

407 1860 577 1956 competit
593 1883 653 1930 reo
670 1882 714 1928 ex
736 1861 812 1955 ipsa
826 1857 1085 1950 iurisdictione,
1103 1867 1197 1955 'puta
1213 1860 1296 1955 quia
1311 1857 1458 1929 clericus
1473 1870 1620 1928 vocatur
1636 1869 1716 1930 ante
1731 1859 1879 1932 iudieem
1895 1860 2124 1954 seeculsrem,

402 1961 463 2031 nel
479 1960 607 2058 aliquis
622 1960 666 2030 ud
681 1959 829 2034 iudicem
848 1984 1039 2032 nonsnum
1049 2009 1060 2052 ,
1088 1960 1143 2030 vel
1155 1961 1236 2058 quia
1253 1960 1375 2031 literae
1387 1969 1471 2029 suut
1485 1959 1692 2056 impetratae
1709 1985 1775 2058 per
1788 1963 2047 2056 suggestionem
2058 1960 2126 2034 141·

407 2063 522 2136 sitatis
541 2062 594 2134 vel
608 2085 673 2158 per
686 2063 842 2133 veritatis
859 2063 1158 2159 suppressionem,
1177 2061 1233 2132 vel
1245 2062 1276 2132 si
1291 2084 1397 2158 quam
1412 2058 1559 2130 similem
1576 2054 1702 2152 habet,
1729 2059 1871 2134 obiiciat
1884 2062 1981 2135 illam
1994 2077 2031 2136 et
2042 2088 2124 2161 pro·

358 2171 389 2222 ¹5
408 2161 470 2234 het
487 2167 538 2258 ⁷);
565 2165 659 2262 qnia,
681 2163 710 2234 si
725 2161 814 2234 hane
827 2164 972 2235 dimittit
987 2175 1022 2234 et
1039 2163 1173 2234 accedit
1189 2163 1232 2235 ad
1253 2162 1353 2255 elias,
1378 2163 1413 2232 in
1432 2161 1707 2234 iurisdietionem
1721 2163 1845 2236 iudicis
1861 2167 2059 2238 consentire
2074 2165 2125 2236 vi·

405 2265 528 2359 detur,
571 2265 662 2336 unde
690 2265 735 2336 ad
758 2265 829 2338 hoo
854 2263 1062 2338 beneficium
1095 2276 1218 2362 postea
1254 2263 1369 2335 redire
1401 2287 1473 2335 non
1500 2265 1649 2362 poterit,
1691 2276 1732 2337 nt
1757 2264 1934 2363 probatur
1961 2293 2026 2363 per
2050 2267 2126 2340 ium

405 2370 566 2466 proxime
594 2369 709 2465 posita
739 2377 774 2440 et
799 2367 887 2440 Cod.
922 2367 967 2440 de
998 2364 1182 2461 144.5,1.
1207 2365 1233 2436 l.
1259 2367 1444 2440 sancimus.
1467 2361 1526 2437 15.
1552 2368 1645 2440 circa
1671 2366 1750 2460 f.⁸)
1775 2407 1827 2422 -
1876 2367 1916 2440 Si
1937 2395 2035 2445 ¹vero
2069 2367 2124 2440 luis

402 2470 669 2568 exceptionibus
695 2467 918 2563 destituitur,
951 2470 1075 2566 siqua
1102 2493 1146 2541 ex
1172 2490 1324 2570 persona
1350 2467 1471 2542 iudicis
1496 2490 1559 2540 reo
1586 2470 1774 2568 competit,
1801 2467 1898 2541 illem
1927 2481 2125 2571 proponat3

445 2717 485 2800 3)
529 2718 568 2784 ll.
591 2718 622 2783 4.
646 2715 713 2782 etl.
728 2728 802 2784 test.
817 2723 864 2783 10.
879 2718 982 2783 Andr.
998 2724 1042 2783 nd
1054 2724 1096 2784 D.
1111 2745 1157 2804 sp.
1172 2721 1231 2790 lib.
1299 2739 1428 2787 neonus.
1443 2739 1535 2804 poss
1549 2718 1582 2800 4,
1599 2717 1647 2784 18.
1663 2739 1693 2786 4.
1711 2741 1785 2789 urm
1811 2721 1845 2789 in
1860 2733 1925 2788 tna.
1940 2721 1993 2788 6.”
2010 2726 2053 2802 (r.
2068 2738 2124 2787 nn.

376 2823 434 2885 ,2.
454 2840 488 2904 p.
505 2818 533 2883 1.
553 2821 599 2884 tit.
627 2821 669 2885 de
700 2831 828 2905 except.
859 2830 893 2886 et
921 2819 1004 2906 repl.
1026 2819 1058 2907 ᾗ.
1086 2823 1114 2888 1.
1141 2843 1230 2893 unm.
1298 2819 1385 2886 Χ.4.
1407 2841 1436 2886 4.
1457 2819 1588 2898 tet.
1620 2819 1793 2904 144443.)
1823 2859 1861 2870 -
1894 2823 1931 2888 14
1950 2823 2122 2910 plerisque
2197 2863 2203 2870 ·

404 2919 437 2984 5.
459 2920 493 2984 14
521 2943 552 2987 v.
575 2930 636 2986 est.
670 2920 739 2987 Sed
760 2923 806 2987 ibi
831 2931 974 3003 tacetur,
1004 2925 1232 3010 exceptiones,
1299 2922 1393 2988 codd.
1424 2919 1525 2988 Rte.
1548 2921 1651 3002 (1.1.
1674 2925 1705 2986 2.
1739 2921 1831 2989 llam.
1852 2923 1897 2988 Μ.
1916 2926 1942 2988 l.
1970 2929 2021 3010 2.)
2052 2945 2123 2990 ser·

410 3042 493 3108 ques
516 3032 631 3088 noster
650 3024 693 3090 nd
710 3014 971 3090 ¹iurisdictionem
985 3022 1103 3108 refert,
1132 3025 1230 3096 latius
1297 3032 1362 3088 vat.
1400 3020 1461 3086 aX.
1491 3023 1556 3108 qni,
1578 3022 1715 3090 matrim.
1744 3043 1774 3089 n
1799 3045 1834 3108 p.
1865 3045 1893 3092 o.
1918 3047 1980 3110 per
2006 3025 2122 3105 tuas.”,

373 3133 539 3206 spatere,
569 3145 667 3210 quem
689 3145 766 3206 eas,
796 3144 881 3211 quas
902 3116 1062 3191 Dnrantis
1082 3114 1245 3196 „rationo
1298 3123 1360 3190 sed
1381 3123 1415 3188 in
1434 3123 1469 3188 F.
1487 3123 1515 3188 1.
1537 3123 1572 3188 iu
1598 3127 1673 3210 ipso
1695 3136 1849 3220 contextu
1869 3126 1944 3192 add.
1968 3125 2022 3194 ain
2042 3127 2120 3193 enti·

404 3225 585 3309 „rescripti
599 3226 810 3308 competere”
825 3225 912 3291 dicit.
1297 3226 1413 3311 „que”
1429 3223 1589 3308 (compil.)

445 3327 483 3408 4)
526 3325 747 3393 41111111.
774 3327 1144 3409 4412141443.
1174 3329 1227 3400 01.
1379 3323 2122 3413 1112444»Ε114441411444444444444414-

400 3435 470 3491 441.
486 3445 556 3511 seq.
575 3427 606 3491 t.
1296 3427 1356 3492 alis
1376 3447 1481 3509 nove,
1510 3429 1598 3514 qnod
1619 3430 1832 3514 exceptiones
1854 3429 2024 3496 dilutnrine
2046 3441 2123 3498 ante

444 3525 482 3610 5)
524 3527 572 3591 lbi
591 3528 637 3594 nd
658 3527 856 3612 explicanda
873 3551 931 3612 en,
961 3549 1048 3617 quse
1060 3531 1226 3600 Alexand,
1294 3527 1379 3593 alitis
1406 3530 1679 3596 contestationem
1707 3531 1946 3616 proponendae
1975 3542 2060 3598 sunt.
2087 3543 2124 3598 41

355 3642 387 3694 tn
406 3626 437 3706 3.
461 3628 516 3708 (14
546 3649 575 3694 c.
598 3627 772 3696 consuluit
787 3635 820 3697 2.
840 3631 882 3697 X.
903 3635 931 3696 l.
952 3649 981 3696 4.
1003 3631 1071 3713 tt,
1088 3633 1159 3715 19.)
1186 3637 1229 3702 44
1298 3627 1357 3694 ax.
1375 3627 1611 3715 (1444411411.
1627 3635 1663 3712 2,
1680 3631 1731 3698 28.
1749 3649 1865 3700 ceum
1887 3651 2033 3700 causem-
2047 3633 2122 3700 ttut’

292 3777 295 3798 .
407 3730 548 3814 coniuge
568 3731 613 3795 ed
637 3733 864 3798 accusandum
893 3733 1132 3800 matrimonium
1160 3757 1229 3803 nou
1297 3729 1466 3798 1144443.
1527 3765 1531 3774 .

400 3831 589 3897 indistincte
605 3833 803 3898 admittendo
817 3843 994 3917 statuerat,
1008 3835 1120 3904 lnnoc.
1135 3836 1164 3903 3.
1180 3871 1227 3905 n..
1291 3859 1296 3866 ·
1334 3831 1379 3913 6)
1421 3840 1510 3896 enim.
1529 3838 1577 3902 114
1594 3835 1682 3922 vulg·
1703 3833 1777 3901 libri
1802 3854 1969 3904 manuscr·
2000 3870 2040 3886 -
2068 3836 2121 3903 Al

401 3931 589 4000 „essetne”
605 3934 650 4012 tin
664 3935 727 3999 isto
736 3953 763 4000 c.
772 3935 962 4015 consuluit)
974 3938 1121 4018 adicitur,
1137 3941 1227 4026 quod
1296 3935 1456 4000 nauum-'’
1470 3933 1508 3998 Β.
1525 3947 1558 4002 et
1573 3937 1633 4003 Ed.
1648 3944 1680 4003 2.
1694 3936 1725 4002 3.
1740 3937 1771 4003 4.
1784 3973 1828 3986 -
1843 3940 2007 4006 „contre”
2020 3939 2082 4004 Ed.
2093 3940 2129 4004 1.·

400 4035 466 4098 aad
486 4036 731 4102 uconsctionem
752 4057 819 4104 non
842 4049 918 4104 sunt
931 4057 1099 4122 personae
1114 4040 1226 4106 liuius-
1294 4045 1296 4050 ’
1337 4037 1377 4116 7)
1420 4039 1555 4101 Duram.
1576 4061 1623 4120 ep.
1638 4038 1695 4106 lib.
1710 4043 1742 4104 2.
1762 4061 1795 4125 p.
1813 4040 1840 4103 l.·
1860 4043 1906 4105 111.
1927 4041 1970 4105 de
1990 4051 2121 4126 except

352 4145 383 4194 15
402 4136 510 4202 »modi
525 4135 718 4220 simpliciter
732 4139 961 4205 admittendae.
990 4140 1087 4204 Unde
1103 4186 1110 4200 .
1126 4187 1133 4200 .
1147 4153 1227 4206 tnnc
1296 4147 1330 4202 et
1351 4135 1432 4220 repl.
1458 4135 1534 4224 §.t
1556 4159 1648 4206 unm.
1663 4141 1711 4205 14.
1738 4164 1764 4204 a.
1779 4187 1787 4204 .
1803 4159 1867 4226 ega
1895 4142 1987 4224 4144,
2015 4145 2122 4228 primo

397 4233 521 4318 „hebet
534 4231 645 4302 locum
659 4237 845 4314 huiusmodi
860 4241 1047 4317 decretalis,
1062 4261 1227 4308 4444444-
1295 4238 1501 4322 »ponentem
1515 4244 1659 4306 securim
1675 4243 1719 4306 ad
1732 4242 1891 4323 redirem,
1906 4263 1953 4309 ⁸0·
1967 4246 2010 4312 111
2024 4248 2121 4312 iuris·

398 4338 501 4418 „dum
521 4338 691 4404 accusatio
716 4353 831 4408 contra
844 4343 1084 4411 munimntum
1103 4353 1155 4409 est
1168 4345 1226 4409 ad.
1295 4339 1530 4406 relictionem.'’·
1542 4373 1584 4390 -·
1606 4353 1638 4406 et
1652 4341 1696 4407 ibi
1710 4347 1755 4406 10.
1773 4345 1873 4408 Aradr.
1891 4345 1925 4410 in
1939 4367 1969 4412 v.
1982 4347 2119 4413 dicetur.

398 4440 535 4516 „missu
551 4485 561 4504 .
576 4484 585 4503 .
600 4437 716 4520 Unde,
732 4443 780 4508 si‘
793 4442 981 4529 (Augustis.
994 4445 1080 4511 muts
1096 4448 1227 4529 „nisi.”)
1296 4471 1325 4505 a.
1341 4487 1350 4506 .
1365 4442 1452 4508 idem
1467 4443 1584 4509 Tanor.
1602 4444 1659 4508 ubi
1679 4447 1814 4528 supra!
1831 4447 1864 4525 ti.
1880 4465 1910 4511 e.
1924 4447 1958 4516 lr.
1971 4454 2008 4530 1.)
2025 4463 2122 4535 »post

399 4557 515 4622 epam,
545 4543 599 4608 oui
614 4543 788 4628 competit,
809 4547 854 4610 uti
868 4544 1054 4630 neglexerit
1065 4543 1152 4612 illius
1165 4549 1226 4611 be·
1295 4541 1440 4630 aprino,
1461 4542 1539 4611 licet
1552 4545 1585 4610 in
1600 4555 1761 4629 apparatu
1775 4551 1933 4630 tenuerit,
1955 4555 2121 4640 exceptio-

348 4641 383 4693 21
400 4639 538 4707 »aeficio
568 4643 762 4726 decretalis,
794 4646 824 4710 si
851 4658 927 4732 post
955 4646 1133 4731 legitimam
1159 4646 1226 4712 litis
1296 4645 2120 4734 »4414444444441441444444144144.144441.

398 4745 687 4812 „contestationem
722 4755 835 4828 portes
870 4748 1085 4831 produxerint
1120 4759 1225 4815 testes
1295 4747 1359 4812 »44
1385 4765 1422 4810 re
1444 4747 1616 4814 initiarer
1637 4751 1902 4817 monasterium?
1924 4751 1983 4833 (oi.
2005 4767 2072 4820 not.
2086 4757 2117 4820 4.

397 4861 499 4908 »snos
520 4852 554 4907 et
573 4845 833 4930 depositionibus
857 4849 1033 4932 publicatis
1052 4847 1150 4915 luerit
1171 4868 1224 4916 re.
1293 4847 1807 4938 44141.)41451441441444431
1829 4855 1884 4931 144
1897 4875 1929 4920 v.
1945 4856 2119 4922 subeundo

394 4940 595 5012 „annerum
609 4951 788 5038 utrimque,
803 4999 811 5015 .
827 4997 839 5017 .
853 4994 862 5015 .
877 4971 943 5015 non
958 4953 1120 5034 videmus,
1130 4953 1225 5039 qnod
1294 4949 1477 5030 iudicium.)
1493 4985 1534 4998 -
1557 4951 1608 5018 01.
1623 4975 1696 5040 seq.
1711 4953 1756 5018 tit.
1771 4953 1814 5020 de
1828 4967 1971 5024 recuset.
1987 4959 2054 5022 lud.
2067 4970 2119 5040 pr.

398 5048 713 5114 materterarum..
730 5101 736 5115 .
753 5049 1226 5120 noudebeatterminare.”-
1294 5065 1328 5118 41
1348 5054 1378 5140 §.
1391 5054 1422 5120 4.
1453 5057 1588 5120 Ilnrout.
1603 5080 1651 5138 sp.
1673 5055 1726 5122 tit.
1746 5056 1775 5121 1.
1793 5074 1826 5141 p.
1843 5054 1871 5124 l.
1891 5060 1936 5122 111
1955 5059 1999 5124 44
2021 5079 2118 5128 recu·

346 5157 379 5211 tt
397 5145 494 5220 Quae
512 5167 588 5216 oum
608 5153 641 5216 in
662 5149 737 5216 coll.
761 5153 859 5242 Greg.
881 5153 970 5220 laoud
992 5167 1129 5240 recepta
1148 5155 1224 5236 4141,
1294 5165 1353 5220 sat.
1369 5165 1402 5222 et
1416 5155 1460 5223 ibi
1475 5159 1519 5222 14.
1534 5159 1638 5222 Andr.
1653 5159 1686 5223 14
1701 5178 1732 5223 v.
1748 5159 1884 5225 secund.
1902 5159 1940 5224 Τ.

400 5252 480 5322 Β.Β.
502 5249 590 5318 hund
614 5263 689 5338 apte
712 5254 838 5319 snbstit.
861 5258 923 5323 »14.
946 5257 986 5323 G.
1009 5259 1063 5344 qui
1085 5258 1223 5323 matrim.
1334 5255 1384 5341 8)
1420 5263 1756 5330 comminuimus.
1772 5263 2118 5350 4.).(114444444414
