4782 5960
396 539 461 612 348
533 536 536 544 ’
975 531 1110 602 Gratiae
1125 532 1168 600 da
1182 532 1332 602 indiciar.
1346 533 1418 602 ord.
1449 531 1489 598 P.
1504 531 1534 600 1.

401 733 526 829 „tioo,
567 727 681 802 iudice
706 751 727 798 a
754 725 839 800 sede
864 725 1062 823 apostolica
1088 724 1274 820 delegato,
1314 723 1359 798 ad
1391 721 1584 818 agendum,
1627 719 1890 819 excipiendum,
1930 719 2121 794 defenden-

403 835 514 930 „dum
529 835 599 926 3¹),
633 841 668 904 et
693 826 951 926 replicandum,
995 839 1033 900 et
1057 828 1086 900 si
1114 828 1311 925 oportuerit
1338 827 1439 900 etiam
1466 822 1738 923 triplicandam,
1782 836 1817 896 ct
1840 823 1885 896 ad
1912 824 2027 895 omnia
2055 823 2123 896 alia

404 934 629 1032 „laciendum
655 943 689 1004 et
715 931 876 1022 singula,
917 955 1009 1028 quae
1036 929 1150 1002 lacere
1181 940 1302 1027 potest
1328 928 1386 999 vel
1413 926 1520 1000 debet
1545 951 1649 1000 veros
1685 937 1721 998 et
1745 926 1924 1019 legitimus
1954 948 2123 1023 procura·

404 1051 512 1132 „tor,
540 1035 748 1134 promittens
770 1034 906 1104 firmum
933 1031 1063 1102 habere
1089 1045 1154 1103 etc.
1206 1035 1256 1104 Ut
1289 1043 1402 1104 autem
1435 1054 1604 1126 praesens
1630 1029 1805 1125 scriptura
1830 1026 1943 1100 robur
1968 1025 2124 1100 obtineat

371 1140 629 1235 a„llrmitatis,
669 1137 782 1232 ipsam
815 1132 900 1206 duri
924 1135 994 1206 mei
1018 1133 1125 1227 sigilli
1150 1135 1337 1206 munimine
1354 1125 1406 1236 ³²)
1434 1130 1708 1204 roborandam.'’
1745 1130 1820 1228 (vel
1847 1130 1943 1227 „ipsi
1968 1129 2123 1226 sigillum

405 1267 548 1337 „meum
564 1237 613 1337 33)
641 1235 846 1336 apposni.”)

503 1344 569 1414 Est
595 1351 713 1412 tomen
739 1338 939 1430 sciendum,
983 1336 1079 1435 qnod
1104 1326 1201 1440 1133)
1230 1337 1358 1437 aliquis
1386 1336 1494 1409 vellet
1519 1335 1721 1408 mandatum
1748 1335 1992 1432 procuratoris
2020 1358 2123 1406 revo-

403 1469 501 1538 care,
544 1442 640 1542 qood
665 1441 772 1514 debet
803 1439 871 1512 lroc
898 1439 1014 1512 l'acerc
1041 1439 1173 1512 sciente
1198 1438 1310 1512 iudice
1344 1439 1401 1511 vel
1426 1439 1639 1512 adversario.
1691 1437 1810 1531 Alias,
1851 1438 2053 1537 quodcum
2079 1459 2122 1508 eo

402 1557 537 1642 gestum
567 1545 693 1636 fucrit,
721 1554 835 1615 ratum
861 1543 928 1613 erit
952 1552 987 1614 et
1015 1540 1166 1612 firmum.
1218 1542 1264 1613 X.
1283 1544 1326 1613 G.
1346 1541 1391 1612 de
1413 1552 1591 1637 procurat.
1606 1538 1642 1634 l,
1657 1536 1721 1613 38.
1747 1566 1777 1612 c.
1804 1534 2121 1634 mandato-15.³⁵)

355 1681 388 1737 10
404 1660 440 1721 et
466 1673 496 1720 c.
520 1647 656 1718 auditis.
668 1643 705 1716 8.
721 1643 770 1742 33)
821 1646 867 1715 Et
893 1642 962 1716 hoc
989 1642 1145 1736 intellige
1171 1641 1216 1714 de
1241 1645 1486 1736 revocatione,
1531 1668 1621 1742 quae
1656 1642 1733 1716 fleri
1767 1641 1875 1716 debet
1906 1653 1990 1739 post
2023 1641 2123 1712 litem

248 1815 252 1840 ,
403 1759 653 1842 contestatam,
679 1748 774 1846 quia,
802 1747 834 1816 si
859 1755 939 1818 ante
964 1745 1060 1816 litem
1087 1756 1318 1818 contestatam
1342 1757 1539 1838 revocetur,
1568 1747 1643 1816 sive
1669 1743 1908 1844 perveniat³⁷)
1936 1747 2011 1816 sive
2036 1766 2122 1834 non,

402 1877 475 1924 non
502 1850 617 1942 valet,
659 1847 754 1948 quod
787 1872 866 1920 cum
899 1872 941 1919 co
975 1858 1111 1940 gestum
1146 1858 1211 1920 est
1244 1858 1284 1919 ut
1316 1873 1346 1918 c.
1380 1848 1557 1920 mandato.
1586 1858 1623 1920 et
1651 1840 1709 1952 (e.
1728 1837 1781 1950 1.)
1810 1873 1840 1920 c.
1867 1849 1903 1918 in
1929 1844 2121 1942 nostraffi)

402 1952 440 2026 1.
457 1943 509 2056 33)
538 1953 618 2046 uig.
644 1977 674 2024 e.
701 1961 726 2024 t.
741 1947 781 2043 5,
795 1945 832 2020 ὅ.
859 1950 884 2021 Ι.
908 1960 989 2021 anta
1015 1949 1110 2020 litem
1137 1959 1379 2022 contestatam.
1394 1946 1453 2022 16.
1471 1987 1519 2004 ·—
1537 1951 1730 2022 Revocutio
1752 1949 1906 2021 mandati
1927 1948 2009 2044 lroc¹
2017 1943 2122 2020 modo

401 2055 454 2126 iit.
506 2055 697 2127 Praesente
723 2051 862 2123 notario
895 2052 953 2124 vel
980 2047 1130 2122 testibus
1157 2051 1291 2123 idoneis
1317 2050 1409 2124 dicat
1445 2049 1526 2144 ille,
1567 2052 1732 2149 quicum
1759 2051 1927 2144 instituit,
1966 2052 2004 2122 in
2028 2047 2123 2120 hunc

265 2213 273 2233 .
354 2154 564 2235 atmodum:
592 2155 795 2248 „Quoniam
820 2166 943 2226 contra
969 2151 1160 2224 Iohannem
1187 2151 1366 2245 clericum,
1392 2178 1495 2250 quem
1518 2154 1554 2226 in
1581 2152 1643 2224 tali
1669 2179 1773 2226 causa
1800 2147 2122 2247 constituar-anm),

402 2259 666 2355 „suspicionem
693 2257 838 2353 concepi
866 2243 967 2356 et⁴¹)
1003 2279 1068 2350 per
1100 2253 1169 2326 lroc
1204 2253 1248 2328 dc
1282 2256 1392 2351 ipsius
1424 2254 1494 2326 fide
1525 2256 1627 2353 coepi
1653 2281 1724 2327 non
1751 2257 1924 2329 immerito
1949 2251 2119 2344 titubare,

401 2360 650 2454 „mandatum,
691 2359 787 2457 quod
814 2360 844 2429 ei
871 2357 1057 2450 dederam,
1096 2381 1225 2429 revoco
1252 2368 1288 2428 ct
1315 2357 1348 2430 ei
1373 2353 1565 2453 prohibeo,
1603 2383 1648 2430 ne
1673 2357 1823 2430 ulterius
1850 2383 1889 2430 se
1913 2358 1957 2429 de
1982 2355 2120 2454 praedi·

402 2473 489 2554 „cto
516 2463 658 2556 negotio
683 2458 930 2532 intromittat.”
958 2498 1008 2512 -
1058 2460 1106 2530 Et
1131 2457 1199 2530 lucc
1224 2456 1329 2530 debet
1355 2483 1547 2552 revocans,
1574 2470 1617 2530 ut
1641 2461 1817 2556 praedixi,
1848 2459 2044 2554 significare
2068 2459 2121 2530 iu·

402 2560 471 2635 dici
498 2563 556 2635 vel
587 2562 810 2654 adversario,
850 2562 882 2632 si
915 2572 1001 2657 post
1031 2558 1127 2632 litam
1160 2571 1388 2635 contestatam
1419 2561 1492 2631 liat.
1543 2563 1590 2634 Et
1625 2561 1669 2633 ad
1702 2563 1950 2635 removendam
1979 2585 2119 2634 omnem

353 2684 387 2740 2⁰
405 2664 668 2758 ambiguitatem
692 2665 794 2736 ctiam
821 2674 904 2734 ante
928 2662 1025 2734 litem
1049 2672 1279 2734 contestatam
1306 2687 1378 2733 nou
1403 2662 1598 2761 omittam)
1624 2663 1717 2736 istud
1743 2664 1847 2738 iudici
1873 2665 1931 2737 val
1957 2663 2121 2736 adversa·

400 2768 454 2838 rio
481 2768 653 2839 intimare.
694 2764 832 2836 Sufficit
856 2777 984 2856 mmen,
1011 2765 1040 2834 si
1067 2765 1249 2861 perveniat
1274 2762 1342 2836 hoc
1368 2765 1412 2836 ad
1439 2777 1716 2860 procuratorem.
1742 2805 1793 2822 -
1831 2769 1878 2839 Et
1899 2779 1997 2859 nota,
2026 2761 2121 2864 quod

400 2869 473 2940 tale
504 2868 708 2940 mandatum
742 2878 861 2963 potest
895 2876 974 2936 aute
1008 2865 1105 2938 litem
1138 2877 1370 2939 contestatam
1409 2869 1484 2938 aine
1525 2891 1650 2940 causae
1679 2869 1914 2959 assignatione
1945 2866 2122 2960 revocnr13

400 2982 487 3068 post
510 2971 608 3043 litem
633 2979 750 3041 autem
775 2979 1009 3043 contestatam
1035 2993 1128 3060 non,
1166 2968 1197 3038 si
1224 2979 1436 3064 procurator
1470 2967 1623 3040 voluerit
1648 2993 1746 3042 suam
1774 2969 2119 3068 procurationem⁴³l

401 3071 600 3146 defendere.
627 3082 667 3142 ut
692 3073 726 3142 in
753 3069 946 3168 praealleg.
971 3069 995 3140 l.
1023 3080 1105 3140 ante
1131 3069 1228 3142 litem
1254 3081 1495 3142 contestatam.
1525 3068 1668 3164 (uico,
1677 3070 1714 3144 5.
1731 3070 1756 3141 l.
1772 3070 1848 3162 16.)
1867 3087 1902 3144 et
1913 3072 1937 3143 l.
1954 3083 2051 3169 post.
2060 3068 2119 3144 17.

317 3182 401 3285 μ
504 3173 540 3272 §.
591 3174 764 3267 Diximus,
793 3172 942 3270 qualiter
968 3172 1171 3244 instituatur
1197 3184 1415 3267 procurator.
1447 3173 1552 3246 Nunc
1574 3184 1691 3244 autern
1717 3173 1762 3245 de
1783 3175 1937 3274 spndiois
1963 3186 1999 3247 et
2024 3186 2120 3246 acto·

400 3275 502 3348 ribus
529 3276 720 3347 videamus.
773 3277 871 3364 Quae
905 3282 1020 3347 autem
1053 3275 1100 3344 sit
1123 3272 1315 3346 differentia
1346 3276 1437 3346 inter
1460 3274 1569 3368 istos,
1611 3287 1896 3372 procuratorem,
1935 3276 2120 3376 syndicum

401 3390 437 3452 et
463 3390 633 3469 actorem,
673 3377 777 3474 plene
802 3376 928 3448 dicitnr
950 3375 988 3446 in
1013 3373 1136 3448 libello
1165 3376 1340 3448 Tancredi
1372 3378 1407 3447 in
1433 3377 1557 3450 eodem
1584 3377 1692 3450 titulo
1704 3376 1768 3475 ⁴⁴).
1820 3377 1891 3450 Sed
1918 3377 2022 3452 laodic
2047 3403 2120 3451 non

373 3536 378 3548 ,
400 3479 552 3571 videtur,
580 3479 675 3576 quod
697 3480 744 3551 ait
766 3477 976 3567 differentia,
1004 3477 1068 3548 nisi
1094 3477 1132 3548 in
1156 3503 1259 3550 voce:
1284 3490 1324 3550 ut
1351 3477 1498 3550 dicimus
1526 3479 1571 3552 dc
1597 3481 1746 3576 primate
1771 3491 1807 3552 et
1830 3479 2038 3577 patriarcha.
2071 3481 2119 3552 X.

401 3583 444 3656 G.
470 3579 515 3654 de
542 3581 603 3653 oll'.
628 3581 742 3652 ordin.
758 3577 870 3672 1,51.
897 3603 928 3652 o.
953 3576 1036 3652 duo.
1047 3575 1083 3650 9.
1098 3578 1130 3629 ⁴⁵
1178 3591 1215 3652 et
1238 3576 1406 3652 1718199.
1428 3607 1458 3655 c.
1476 3578 1592 3679 l.⁴⁶);
1635 3592 1672 3654 ct
1697 3579 1770 3656 lroc
1793 3581 1930 3654 videtur
1960 3584 2056 3655 innui
2081 3584 2120 3656 in

236 3707 243 3738 ⁴
351 3701 385 3756 to
401 3683 568 3758 decretali
595 3673 662 3788 (X.
686 3673 751 3787 G.)
779 3681 824 3755 de
849 3690 1028 3781 procurat.
1043 3677 1080 3775 1,
1150 3731 1160 3751 .
1192 3707 1222 3756 o.
1244 3680 1430 3781 petitio-9.
1445 3672 1522 3787 ⁴⁷),
1557 3681 1620 3756 nbi
1645 3707 1737 3782 papa
1762 3685 2008 3762 constituentis
2035 3711 2118 3764 cou-

441 4033 501 4118 31)
544 4039 779 4121 dasendeudmo.
794 4071 835 4086 -
850 4035 889 4100 B.
905 4033 1172 4105 „deferendum”
1292 4047 1376 4123 part.
1392 4035 1526 4106 11116.

438 4133 501 4217 33)
543 4145 720 4202 munimine.
736 4174 780 4185 —
794 4137 832 4202 B.
849 4139 1031 4204 „minime”
1333 4139 1399 4228 40)ι
1437 4147 1666 4207 constitueram·
1681 4178 1723 4192 -
1737 4143 1776 4208 B.
1794 4142 2043 4210 „constituam”

437 4235 498 4322 33)
540 4243 677 4319 siciliam
691 4261 799 4304 meum.
816 4275 858 4287 -
872 4237 912 4304 B.
927 4239 1047 4327 „sigilli
1061 4241 1159 4310 mei.’'
1333 4241 1395 4323 41)
1438 4249 1564 4324 concept
1575 4251 1615 4308 st.
1630 4277 1673 4291 -
1690 4245 1728 4309 B.
1745 4245 1959 4330 »concipiat-'¹

438 4336 501 4419 31)
543 4347 580 4404 ai.
596 4373 638 4388 —
654 4339 693 4405 B.
707 4361 772 4406 otn.
1333 4342 1393 4426 42)
1434 4353 1508 4408 cate
1520 4347 1603 4408 litem
1616 4355 1695 4430 sont.
1709 4366 1773 4410 ooo
1787 4355 1909 4412 oauuot.
1922 4347 2008 4414 -Β.
2022 4355 2117 4417 naute

365 4451 382 4505 a
441 4437 501 4525 35)
544 4439 731 4525 Gregorii.
761 4437 814 4509 Cf.
830 4441 936 4510 Gtoae.
956 4443 991 4510 in
1009 4465 1042 4512 v.
1056 4465 1077 4512 a
1091 4446 1223 4513 domino
1292 4440 1404 4510 alitem
1417 4443 1573 4510 nolt’at.”

396 4553 570 4608 revocato.
1334 4543 1393 4628 43)
1436 4567 1527 4610 auom
1537 4550 1894 4628 procurationem-B.
1910 4571 2026 4618 esuum
2040 4571 2146 4638 pro·

439 4641 499 4726 36)
542 4643 666 4712 Honor.
680 4641 713 4712 3.
729 4641 782 4713 cf.
799 4644 904 4709 Gtoaa.
919 4646 954 4711 in
967 4667 1000 4711 v.
1014 4645 1058 4711 ad
1072 4643 1173 4710 illum.
1292 4649 1533 4713 »curatoremfl'

438 4743 499 4827 37)
537 4752 705 4826 percantat,
726 4747 914 4825 (revocatio
949 4747 993 4813 ad
1020 4746 1164 4812 iudicem
1190 4755 1224 4812 et
1333 4748 1393 4832 44)
1440 4753 1552 4814 Tana.
1567 4759 1652 4834 part.
1668 4750 1697 4816 1.
1714 4752 1761 4818 tit.
1776 4737 1854 4838 7.'§.
1870 4751 1900 4818 1.

397 4846 442 4912 ad
473 4845 734 4926 adversariam.)
763 4883 805 4896 -
832 4846 873 4912 B.
898 4847 1159 4934 „superveniat”
1180 4883 1223 4912 -,
1331 4849 1391 4933 to)
1433 4849 1588 4918 lnnoedt
1614 4849 1665 4918 Cf.
1683 4853 1788 4928 Gtoaa
1803 4854 1837 4919 in
1850 4874 1882 4920 v.
1896 4855 2116 4940 patriarchas.

348 4951 382 5006 to
399 4945 474 5012 Vid.
489 4946 543 5014 inf.
559 4945 591 5012 h.
606 4967 681 5034 pag.
695 4967 786 5016 vers.
804 4947 855 5016 18.
871 4957 905 5013 et
918 4967 1013 5036 seqq.
1113 4988 1122 5007 .
1330 4949 1390 5035 46)
1433 4956 1513 5017 Birt.
1529 4955 1587 5018 99.
1601 4977 1626 5018 c.
1641 4958 1670 5020 1.
1692 4954 1751 5036 (cf.
1768 4955 1873 5021 utone.
1894 4960 1938 5025 ad
1958 4958 2026 5026 lc.
2039 4959 2115 5028 duo.

440 5047 499 5128 38)
542 5057 575 5112 itt
588 5058 706 5114 nostra.
720 5085 763 5100 -·
776 5047 816 5114 B.
832 5050 1016 5118 „uincam”
1288 5051 1322 5119 ln
1336 5072 1369 5118 v.
1383 5053 1620 5138 patriarcha.)
1636 5091 1677 5106 -
1690 5054 1730 5123 B.
1746 5079 1798 5126 so.
1812 5059 1868 5125 lX.
1883 5059 1915 5126 d.
1930 5082 1958 5128 e.
1975 5062 2024 5128 l.”

442 5148 501 5233 39)
543 5151 657 5216 lonoo.
671 5150 701 5216 3.
1330 5153 1389 5232 47)
1432 5156 1557 5223 lionor.
1570 5156 1601 5224 3.

481 5248 532 5317 ot.
553 5263 621 5318 not.
634 5251 687 5317 67.
707 5255 811 5334 (vers
830 5252 912 5322 Β.Β.
926 5255 1019 5338 add)
1040 5255 1084 5322 ad
1100 5254 1222 5323 Tancr.
