4786 5962
369 567 413 634 tt
971 565 1058 634 Pillii
1087 567 1129 634 de
1158 567 1230 633 ord.
1258 565 1407 634 iudicior.
1449 564 1488 630 P.
1503 565 1534 630 ι.

371 757 487 856 primo
510 759 570 830 ¹sit
601 756 886 852 cognoscendum
928 767 962 829 et
1002 756 1305 854 pronunciandum
1342 756 1387 829 de
1420 753 1626 855 principali,
1668 781 1713 827 an
1746 757 1898 854 primum
1930 756 1975 832 de
2009 761 2094 833 inci·

371 861 470 936 denti
487 861 539 954 3),
565 859 624 931 vel
649 857 752 930 simul
775 859 819 932 de
847 869 1009 958 unaque.

273 976 371 1079 525,
475 959 511 1062 §a
544 959 771 1058 ‘Principalis
805 963 967 1060 quaestio
1000 974 1056 1034 est
1088 963 1172 1034 ista:
1214 973 1299 1061 peto
1333 986 1353 1032 a
1388 970 1423 1032 te
1454 956 1701 1054 hereditatem,
1741 959 1899 1032 incidens
1925 973 1980 1034 cst
2008 963 2094 1036 ista:

374 1089 448 1135 non
473 1074 576 1160 potes
602 1075 741 1162 petere,
781 1065 865 1162 quia
897 1089 1020 1136 servus
1052 1089 1149 1137 meas
1182 1090 1230 1136 cs.
1280 1065 1384 1136 Item:
1419 1073 1504 1159 peto
1530 1087 1552 1131 a
1578 1073 1613 1134 te
1644 1060 1793 1134 landum
1819 1062 1877 1135 vel
1902 1063 2022 1138 decem
2050 1090 2096 1136 ex

341 1177 600 1260 5testament05
625 1177 660 1238 et
688 1174 727 1235 tu
753 1162 894 1237 obiicis:
920 1192 993 1238 non
1019 1178 1123 1265 potes
1149 1177 1281 1264 petere,
1308 1166 1390 1262 quia
1408 1174 1658 1236 testamentum
1685 1177 1741 1236 est
1762 1163 1893 1236 falsum
1912 1161 1955 1263 ¹).
1988 1167 2093 1238 ltem:

373 1293 539 1367 propono
566 1277 690 1340 eontra
723 1278 760 1340 te
784 1266 948 1339 iudicium
981 1268 1132 1340 familiae
1166 1266 1410 1361 erciscundae,
1444 1278 1480 1338 et
1505 1277 1543 1337 tu
1570 1262 1692 1338 obiicis
1720 1275 1754 1338 ct
1784 1265 1887 1338 dicier
1924 1292 1999 1340 non
2029 1294 2095 1365 po·

373 1381 451 1463 tes,
491 1369 572 1468 quia
596 1395 668 1440 nou
694 1393 733 1442 es
756 1393 861 1441 uerus
886 1370 1008 1444 frater.
1058 1370 1145 1443 Vel:
1188 1379 1375 1468 petente
1401 1378 1537 1465 partem
1563 1365 1787 1462 hereditatis,
1827 1379 1862 1441 et
1887 1377 1926 1441 tu
1954 1366 2094 1441 obiicis:

374 1497 448 1544 non
472 1481 600 1569 potes,
627 1471 711 1568 quia
738 1479 777 1542 tu
801 1496 873 1544 nou
901 1496 940 1544 es
967 1498 1067 1546 mens
1091 1471 1222 1566 frater,
1257 1473 1280 1542 i.
1307 1496 1335 1543 e.
1365 1470 1463 1542 lilius
1484 1471 1596 1567 patris
1624 1471 1710 1559 mei,
1744 1470 1841 1542 enias
1865 1468 2106 1543 hereditatem

373 1575 474 1671 petis.
505 1583 546 1643 at
573 1572 661 1644 Cod.
696 1570 740 1644 de
773 1572 850 1645 ord.
884 1572 1040 1668 iudic5,
1068 1569 1104 1644 8.
1131 1573 1155 1644 l.
1179 1569 1220 1646 l.'
1238 1570 1274 1644 Β.
1308 1583 1344 1645 et
1366 1569 1404 1644 5.
1440 1583 1476 1643 et
1502 1573 1542 1641 in
1561 1572 1608 1642 X.
1637 1581 1662 1642 t.
1694 1571 1758 1668 qui
1790 1583 1873 1645 sunt
1905 1571 1971 1643 lilii
2005 1570 2095 1666 legi·

326 1699 358 1752 ιο
375 1676 460 1748 timi.
485 1675 579 1746 lator
604 1676 846 1771 praesentium
873 1687 938 1748 etc.
956 1678 999 1765 ²).
1051 1675 1123 1748 Sed
1149 1684 1185 1747 et
1208 1675 1340 1747 multae
1370 1672 1459 1746 alise
1483 1683 1567 1746 suut
1593 1672 1822 1771 principales,
1853 1671 1984 1774 quibus
2009 1674 2095 1746 inci·

374 1777 499 1850 dentes
524 1788 740 1872 occurrunt,
765 1777 850 1848 istas
877 1788 993 1850 tamen
1021 1779 1133 1874 qratia
1159 1777 1308 1875 exempli
1335 1777 1498 1874 posuisse
1524 1773 1689 1848 sufficiat.

274 1865 371 1968 824.
474 1876 509 1978 g
531 1880 562 1968 1)
598 1877 682 1949 'Illa
708 1879 866 1975 quaestio
896 1892 952 1952 est
981 1880 1138 1952 incidens
1168 1880 1313 1978 proprie
1336 1887 1373 1950 et
1398 1877 1525 1949 dieitur
1551 1876 1730 1970 incidens,
1773 1876 1850 1949 sine
1874 1902 1946 1975 qna
1966 1876 2094 1974 princi·

374 1980 465 2081 palis
491 1979 672 2053 terminari
698 2004 771 2052 non
796 1990 937 2079 potest,
971 1993 1007 2054 et
1032 1993 1119 2055 tunc
1144 1982 1374 2078 praeiudicat,
1409 1979 1492 2078 quia
1520 1979 1725 2077 principalis
1752 1979 1828 2052 sine
1849 2003 1891 2052 ea
1917 1979 2097 2052 terminari

376 2107 447 2155 non
464 2092 587 2180 potest
602 2083 648 2174 ²),
676 2089 715 2153 ut
735 2082 772 2154 in
795 2083 1007 2180 supradictis
1032 2084 1212 2183 exemplis.
1262 2081 1333 2154 Sed
1356 2078 1505 2181 quando.
1523 2080 1679 2154 incidens
1694 2089 1747 2154 est
1762 2079 1856 2173 talis,
1883 2081 1960 2153 sine
1976 2105 2044 2179 qua
2061 2079 2094 2178 ³)

327 2211 360 2263 ιι
379 2195 497 2283 potest
522 2183 725 2282 principalis
760 2185 956 2270 terminari,
992 2188 1137 2285 proprie
1168 2197 1254 2258 tune
1284 2209 1356 2258 non
1388 2194 1456 2256 est·
1474 2182 1631 2254 incidens
1667 2208 1731 2255 nec
1765 2182 1892 2256 dicitur
1922 2181 2093 2274 incidens,

378 2287 559 2384 quoniam'
575 2311 646 2358 non
679 2286 895 2382 praeiudicat
924 2289 1111 2387 principali
1149 2312 1214 2360 nec
1246 2311 1321 2360 eam
1355 2283 1463 2357 elidit.
1514 2284 1629 2376 Puta,
1669 2295 1831 2356 movetur
1860 2285 2019 2383 quaestio
2050 2283 2095 2356 de

377 2399 489 2480 teste,
515 2398 633 2460 utrum
659 2385 788 2461 debeat
809 2390 920 2488 recipi
945 2391 1003 2462 vel
1030 2414 1101 2462 non
1117 2389 1170 2485 ⁴),
1199 2390 1305 2480 item,
1339 2413 1384 2458 ιιι
1409 2388 1457 2458 ιιι
1483 2385 1684 2482 recipienda
1711 2384 1899 2483 appellatio
1928 2385 2022 2458 faeta
2048 2383 2094 2456 ab

377 2489 661 2581 interlocutoria,
688 2491 737 2560 ita
759 2490 856 2587 quod
874 2491 1151 2589 supersedeatur
1176 2489 1372 2590 principali,
1398 2487 1512 2560 donee
1537 2487 1582 2560 de
1607 2486 1673 2560 hac
1698 2487 1936 2585 appellatione
1962 2512 2095 2582 cogno·

377 2603 513 2686 scatur3
546 2592 647 2683 item,
674 2615 719 2661 an
744 2591 885 2684 dilatio,
913 2619 1005 2692 quae
1029 2595 1185 2691 petitur,
1212 2590 1340 2665 debeat
1364 2587 1451 2662 dari.
1503 2591 1550 2662 Et
1576 2601 1667 2662 tunc
1686 2590 1775 2662 istae
1799 2589 1888 2662 tales
1913 2616 1986 2662 non
2012 2600 2096 2662 sunt

328 2727 362 2784 20
379 2694 524 2791 proprie
549 2691 739 2764 incidentes
767 2697 1010 2792 quaestiones,
1043 2693 1155 2795 sed-⁵)
1181 2707 1265 2767 sunt
1292 2704 1327 2765 et
1352 2691 1576 2790 appellantur
1603 2703 1841 2788 emergentes,
1868 2702 1904 2765 et
1929 2687 1994 2765 hae
2019 2716 2094 2764 sae·

378 2797 456 2891 pins
484 2802 674 2867 occurrunt
699 2807 782 2891 post
806 2798 1016 2891 praestitum
1042 2798 1272 2868 iuramentum
1300 2794 1503 2866 calumniae.

282 2910 368 3014 §25
481 2895 516 2994 S.
565 2896 620 2966 De
649 2897 876 2994 quaestione,
917 2923 1009 2999 quac
1043 2923 1168 2972 revera
1200 2908 1254 2971 cst
1284 2895 1439 2968 incidens
1458 2892 1511 2992 ¹),
1552 2919 1692 2993 semper
1722 2906 1778 2968 est
1805 2895 2095 2989 cognoscendum.
2125 2965 2131 2980 ,

381 2995 452 3068 Sed
478 3021 523 3066 an
548 2997 593 3066 sit
618 2995 663 3068 de
688 3022 729 3070 ea
756 3023 923 3096 expresse
952 2998 1276 3099 pronunciandum,
1314 3023 1335 3068 a
1362 2993 1578 3094 sapientibus
1603 2994 1784 3070 dubitatur
1815 3012 1851 3070 et
1879 2997 2035 3069 variatur
2051 2999 2096 3090 ²).

379 3139 432 3152 -
455 3099 586 3170 Dicunt
611 3096 776 3195 qnidam,
811 3103 900 3174 sient
925 3103 1100 3198 Balgarns
1119 3104 1170 3196 ³),
1200 3125 1379 3200 nunqnam
1405 3097 1450 3171 de
1476 3097 1541 3170 tali
1570 3098 1736 3172 incidenti
1760 3123 1837 3172 esse
1861 3100 2096 3196 pronuncian-

330 3217 363 3269 es
379 3198 462 3270 dum
497 3223 684 3295 expresse,
726 3202 790 3273 sed
824 3206 1105 3297 cognoscendum
1139 3215 1294 3296 tantum,
1336 3212 1371 3274 et
1408 3200 1454 3272 de
1486 3199 1670 3299 principali
1702 3200 2006 3299 pronunciandum
2034 3226 2096 3273 ex·

380 3325 522 3397 presse,
555 3302 667 3373 etsie
692 3327 757 3401 per
783 3308 1066 3404 consequentiam
1098 3306 1143 3379 de
1177 3305 1358 3398 incidenti,
1398 3299 1514 3400 (verbi
1544 3304 1675 3397 gratia,
1716 3299 1966 3398 pronunciabit
1989 3302 2097 3378 iudex

379 3400 606 3474 hereditatem
632 3401 677 3474 ad
701 3416 857 3480 actorem
885 3408 1080 3506 pertinere,
1117 3421 1153 3482 et
1181 3411 1232 3482 sic
1258 3433 1323 3507 per
1354 3405 1637 3503 consequentiam
1664 3401 1765 3474 illum
1789 3427 1868 3475 esse
1893 3404 2095 3499 ingenuam,

421 3650 461 3728 3)
503 3659 660 3720 incidenti.
680 3691 722 3705 —
750 3657 787 3722 Ρ.
805 3659 833 3724 1.
851 3657 882 3724 2.
898 3659 938 3726 G.
961 3695 1004 3710 —
1030 3659 1207 3728 A1.„acci-
1276 3677 1366 3742 adr.
1381 3697 1412 3743 v.
1427 3695 1458 3741 ιι.
1475 3674 1516 3739 dc
1531 3674 1646 3740 teste.”
1661 3671 1700 3739 G.
1716 3670 1821 3737 -At
1838 3673 1948 3738 „dete
1963 3684 2024 3740 utr.
2040 3675 2096 3740 de·

385 3754 578 3821 „denti’'B.
664 3758 669 3768 '
1277 3777 1380 3844 „beas
1395 3797 1421 3842 r.
1437 3798 1466 3842 v.
1482 3775 1535 3840 n.''
1552 3774 1589 3840 Β.

426 3855 464 3936 l)
507 3866 573 3920 test.
588 3863 772 3942 crisolaum.
786 3859 825 3925 Β.
839 3861 876 3926 Ρ.
893 3863 922 3928 l.
936 3863 1025 3956 S„-
1045 3863 1208 3932 ALsnul·
1317 3879 1373 3970 ὅ),
1397 3883 1460 3943 red
1476 3876 1513 3940 P.
1531 3876 1557 3941 l.
1573 3877 1603 3942 2.
1619 3873 1783 3942 (ιι-ΑΙ.
1799 3877 1881 3943 „si”
1894 3875 1933 3942 Β.

383 3955 468 4021 nlnm
482 3969 554 4040 est,
582 3958 638 4025 vel
651 3957 775 4026 falsum
794 3973 886 4046 test,
915 3983 978 4032 seu
991 3985 1059 4032 non
1073 3966 1144 4034 iare
1158 3965 1208 4034 ia·
1321 3979 1356 4067 l)
1399 4001 1478 4065 quoe
1498 3999 1562 4042 rec.
1585 4001 1611 4042 e.
1632 3983 1723 4043 incid
1755 3977 1792 4044 Ρ.
1810 3978 1838 4044 l.
1852 3977 1884 4042 ι.
1908 3976 1948 4043 G.
1978 4013 2016 4025 -
2046 3976 2097 4043 st.

350 4059 367 4110 ⁵
385 4060 524 4122 ”amp
540 4059 580 4125 G·
1276 4103 1379 4153 „veru
1391 4081 1576 4148 incidenti.”
1592 4079 1631 4145 Β.

423 4160 463 4236 2)
507 4180 537 4225 e.
552 4160 638 4228 iix.
661 4165 689 4229 1.
713 4167 768 4253 qui
789 4166 834 4234 fil.
858 4170 1061 4257 suntteg.t‚
1076 4168 1126 4236 18.
1142 4171 1204 4238 siv.
1316 4185 1353 4270 2)
1397 4180 1449 4248 (tf.
1465 4181 1610 4262 [iugulere
1627 4181 1701 4246 dist.
1723 4181 1767 4246 ad
1788 4178 1809 4244 l.
1826 4181 1855 4246 l.
1870 4177 1953 4248 God.
1970 4182 2012 4250 de
2026 4183 2097 4248 ord.

381 4282 409 4325 c.
424 4260 456 4325 5.
470 4260 512 4325 X.
528 4260 566 4326 G.
583 4281 611 4326 e.
625 4273 648 4327 t.
662 4265 695 4345 4,
712 4268 761 4331 17.
775 4267 938 4336 Alexand.
952 4271 984 4337 3.
1273 4289 1371 4356 tudio,
1386 4285 1418 4367 3,
1433 4286 1465 4353 8,
1482 4284 1534 4348 cd.
1551 4283 1680 4345 Haeret.
1696 4299 1771 4366 pag.
1788 4279 1863 4346 57⁰.

425 4362 464 4442 ι)
506 4363 544 4428 Ρ.
559 4363 680 4430 tadu.
695 4367 724 4430 t.
739 4369 839 4436 inser.
862 4373 970 4449 „Qud
992 4374 1036 4440 sit
1055 4374 1205 4460 quaestio
1316 4389 1356 4470 3)
1397 4387 1585 4463 secutast,
1602 4419 1643 4430 -
1659 4377 1737 4448 „sie
1751 4383 1817 4464 ἤι’
1832 4381 1871 4448 Β.
1899 4417 1943 4430 -
1970 4381 2008 4446 Ρ.
2025 4381 2053 4446 1.
2068 4381 2097 4444 s.

384 4463 586 4530 „incidens”
1196 4519 1199 4530 ·
1278 4475 1319 4543 G.
1335 4497 1398 4543 om.
1420 4511 1462 4522 -
1481 4487 1574 4563 Bato.
1590 4501 1700 4546 ιιιιιι.
1713 4486 1855 4548 detortis.
1874 4480 1903 4569 §.
1918 4483 1949 4548 9.
1973 4481 2099 4549 ”Peda-

335 4577 367 4627 ιο
427 4563 464 4646 2)
505 4571 927 4651 etsrtrprcaiudtcut--
938 4583 1049 4656 potest.
1065 4577 1114 4642 lta
1127 4579 1207 4644 scri·
1278 4598 1383 4646 „neus
1410 4581 1635 4666 principaliter
1668 4581 1837 4651 liberalem
1865 4602 2002 4649 cansam
2029 4604 2097 4652 non

384 4667 532 4732 bendum
542 4688 620 4735 esse
639 4682 719 4757 pato
734 4693 777 4738 ex
791 4694 860 4740 var.
874 4674 950 4742 lect
964 4675 1034 4743 hist
1064 4685 1118 4743 set
1130 4687 1210 4744 tnnc
1277 4682 1484 4764 »cognoscit
1499 4683 1577 4748 licet
1589 4682 1773 4753 incidenter
1786 4686 1959 4765 examinet,
1975 4705 2041 4752 non
2055 4687 2099 4751 de

383 4767 618 4852 ”praeiudicat²
647 4775 780 4859 qnando
798 4777 903 4862 princ.
919 4799 946 4844 s.
962 4799 992 4844 e.
1008 4789 1030 4844 t.
1045 4799 1077 4843 ιι.
1093 4781 1147 4865 p.”
1172 4779 1209 4844 Ρ.
1279 4799 1353 4860 ses,
1374 4783 1434 4846 sed
1458 4784 1500 4848 de
1520 4783 1692 4869 principali
1706 4786 1973 4873 pronunciand03
2003 4786 2098 4851 cums

386 4869 414 4932 1.
438 4902 478 4918 --
501 4879 555 4936 „et
576 4881 653 4940 tunc
666 4876 834 4958 praeiud,
864 4881 997 4964 qnando
1013 4881 1118 4964 princ.
1136 4899 1161 4944 s.
1177 4899 1208 4945 e.
1279 4881 1437 4948 „victoria
1456 4897 1490 4950 et
1511 4887 1554 4951 ad
1576 4885 1759 4954 libertmcm
1784 4885 1999 4953 extenditur.'’
2028 4884 2099 4952 Sed

384 4967 487 5036 „liniri
515 4993 582 5038 ιιοιι
609 4986 676 5058 pot.
706 4977 762 5044 vel
789 4981 904 5044 term.'’
925 4977 963 5042 G.
994 5015 1034 5030 -
1064 4991 1118 5048 set
1131 4991 1208 5047 tunc
1276 4978 1317 5046 ci.
1333 4985 1476 5062 liuentia.
1500 4987 1520 5053 1.
1543 4986 1564 5052 1.
1578 4999 1644 5054 not.
1660 4989 1690 5052 Β.
1706 4997 1739 5052 et
1752 4987 1856 5054 litore.
1872 4990 1916 5054 ad
1930 4987 1951 5051 l.
1968 4987 1997 5049 1.
2014 4985 2097 5051 God.

336 5092 367 5141 15
386 5074 552 5155 »praeiud
568 5077 611 5156 ei,
627 5077 705 5162 quia
719 5100 748 5142 s.
764 5099 792 5143 e.
807 5088 829 5143 t
844 5099 876 5144 n.
893 5080 947 5162 p.”
961 5079 997 5144 Ρ.
1013 5079 1135 5146 ι-Β.
1147 5103 1209 5146 om.
1279 5083 1321 5148 de
1343 5086 1415 5152 ord.
1436 5090 1533 5157 iudtr.
1548 5090 1581 5171 3,
1596 5091 1625 5156 8.
1650 5089 1684 5154 in
1706 5110 1737 5153 r.
1759 5089 1923 5175 quoniam.
1944 5107 2032 5153 vers.
2056 5108 2099 5154 ιιι
2125 5136 2136 5150 ,

425 5171 462 5259 3)
505 5175 544 5240 Β.
558 5178 676 5244 vitiose
691 5178 784 5243 add:
800 5181 913 5246 ’anoni’
1278 5194 1387 5254 autem
1401 5189 1433 5256 in
1448 5191 1604 5260 incidenti
1618 5191 1661 5255 sit
1674 5188 1966 5274 pronunciandum.
2022 5209 2027 5214 ·

418 5274 456 5360 4)
498 5281 535 5342 dc
550 5288 626 5343 teate
640 5287 701 5342 atr.
719 5283 747 5343 ri.
763 5301 790 5343 r.
806 5303 832 5344 v.
847 5303 878 5344 ιι.
899 5280 938 5345 Ρ.
958 5281 986 5346 1.
1000 5283 1031 5347 2.
1054 5319 1096 5330 --
1126 5292 1207 5348 eutr.
