4770 5962
400 569 465 638 368
979 560 1115 628 Gratiae
1131 561 1173 626 de
1188 561 1337 628 indicias.
1351 561 1422 628 ord.
1453 560 1492 626 P.
1506 561 1538 626 2.

403 764 476 854 cio,
511 771 547 831 et
575 766 698 855 postea
725 780 795 828 noa
821 762 941 850 potest
968 777 1047 825 enm
1074 748 1226 844 habere,
1246 747 1331 824 stbt
1358 752 1526 849 imputet,
1561 751 1643 850 qnia
1668 751 1773 826 talem
1798 751 2006 826 advocatam
2033 777 2116 826 con·

404 864 516 938 duxit.
569 862 608 932 Si
633 883 717 930 vero
747 856 902 930 nondum
927 851 1115 947 conduxit,
1143 853 1257 928 danda
1282 865 1338 926 est
1363 855 1394 925 ei
1422 853 1542 926 dilatio
1568 854 1612 927 ad
1639 855 1874 952 quaerendum
1900 855 2117 935 advocatum.

404 970 458 1140 {lp
475 966 526 1137 sip
550 961 774 1164 wilfi)
789 959 885 1058 qnod
912 957 1039 1030 dicitur
1065 957 1116 1102 X.
1140 959 1182 1029 G.
1218 968 1257 1028 ut
1279 956 1340 1028 lite
1367 982 1438 1028 non
1462 953 1610 1049 601116,
1628 954 1666 1030 6.
1690 983 1723 1030 c.
1742 955 1772 1027 1.
1790 959 1822 1045 6)
1850 970 1885 1030 et
1910 958 1954 1030 de
1979 957 2063 1031 dolo
2080 955 2116 1050 6,

374 1197 390 1246 s
511 1171 599 1238 ltem
626 1173 712 1234 sunt
739 1176 774 1234 ct
800 1161 886 1232 aliae
912 1160 1091 1252 induciae,
1125 1183 1215 1256 qnae
1241 1183 1302 1232 reo
1329 1156 1459 1230 dantur
1484 1173 1566 1254 post
1591 1162 1851 1258 susceptionem
1877 1158 2001 1253 libelli,
2027 1161 2119 1233 sient

405 1272 442 1342 iu
468 1268 576 1344 Auth.
603 1290 726 1339 canon.
743 1261 787 1361 11).
817 1259 902 1334 05.
929 1258 1016 1360 ι].5.
1038 1259 1074 1359 5.
1102 1263 1279 1333 offeratur.
1308 1259 1354 1355 (c.
1370 1257 1407 1332 1.
1433 1257 1529 1359 ἓη5)

506 1373 593 1442 ltem
620 1378 703 1440 sont
728 1367 837 1458 aliae,
877 1388 969 1462 quae
996 1364 1125 1435 dantur
1158 1363 1202 1434 ad
1227 1364 1475 1460 proponendas
1501 1365 1727 1461 exceptiones
1751 1363 1932 1436 dilatorias
1959 1375 1995 1438 et
2018 1376 2118 1460 post·

407 1474 547 1548 modum
574 1470 619 1541 ad
644 1495 703 1542 eas
725 1465 941 1566 probandas.
968 1478 1007 1536 nt
1032 1467 1078 1536 X.
1102 1467 1145 1537 G.
1171 1464 1215 1536 dc
1241 1461 1419 1560 exeept2,
1429 1462 1490 1536 65.
1517 1491 1546 1538 o.
1575 1467 1774 1562 pastoralis.
1793 1463 1829 1537 1.
1847 1467 1878 1565 1)
1906 1465 1949 1538 de
1975 1467 2034 1538 all.
2060 1465 2119 1540 de·
2262 1523 2269 1534 .

406 1578 474 1670 leg.
490 1573 525 1667 l,
540 1569 601 1646 69.
634 1598 664 1644 c.
696 1569 927 1669 prudentiam.
942 1564 1003 1638 61.
1031 1567 1068 1666 ἓ.
1093 1578 1204 1639 sexta.
1219 1563 1254 1640 6.
1270 1568 1318 1665 10)
1351 1577 1387 1638 et
1412 1591 1443 1638 c.
1468 1567 1690 1662 suspicionis.
1703 1565 1765 1640 59.
1781 1573 1828 1660 11)
1855 1567 1961 1642 etde
1990 1568 2119 1665 appell.

357 1704 390 1756 so
406 1677 444 1772 6,
458 1673 519 1750 68.
545 1699 576 1748 e.
604 1699 683 1746 eum
707 1669 859 1770 speciali.
871 1667 932 1741 61.
948 1667 996 1768 11)

507 1778 597 1849 ltem
623 1786 708 1847 sunt
735 1773 842 1865 aliae,
880 1795 970 1869 quae
995 1770 1123 1871 dantpr
1148 1771 1258 1842 actori
1283 1769 1326 1839 ad
1355 1769 1619 1865 producendum
1645 1782 1752 1842 testes
1768 1763 1842 1874 13);
1875 1797 1964 1872 qaae
1989 1769 2121 1846 debent

405 1907 483 1956 esse
508 1880 617 1950 trinae
644 1875 834 1960 secundnm
864 1873 1153 1945 cousuetudinem
1184 1897 1384 1963 causarnm3
1426 1871 1471 1944 de
1505 1873 1581 1942 iure
1605 1897 1690 1946 vero
1717 1873 1849 1948 sufficit
1882 1899 1951 1945 una
1984 1872 2119 1966 dilatio,

405 1979 597 2056 dummodo
624 1980 670 2049 sit
695 1978 814 2070 talis„
836 1975 931 2074 quod
959 1977 1073 2070 possit
1099 1977 1186 2047 trina
1216 1974 1401 2070 productio
1432 1973 1571 2044 testium
1599 1973 1697 2064 lieri,
1723 1987 1762 2046 ut
1788 1978 1834 2048 X.
1860 1978 1902 2048 G.
1929 1975 1972 2048 de
1997 1975 2117 2048 testib.

406 2083 444 2177 6,
465 2080 528 2154 60.
554 2108 583 2153 o.
612 2081 704 2152 ultra
729 2080 876 2150 tertiam.
890 2073 950 2148 55.
966 2077 1035 2170 ¹⁴);
1075 2087 1110 2148 et
1136 2088 1260 2173 quarta
1286 2075 1390 2148 datur
1417 2100 1495 2146 cum
1520 2075 1740 2149 solemnitate
1765 2077 1890 2171 legali,
1927 2103 2016 2177 quae
2037 2104 2118 2152 con·

359 2205 390 2256 ι.)
408 2189 537 2260 tinetur
563 2185 598 2252 in
626 2182 690 2253 illo
717 2207 745 2252 c.
776 2179 881 2250 ultra.

508 2287 640 2356 Omnes
665 2284 754 2356 istae
780 2280 965 2352 dilationes
984 2277 1030 2370 ¹⁵)
1059 2290 1094 2352 et
1118 2304 1210 2377 qnae
1235 2289 1425 2352 occurrunt
1451 2303 1564 2375 usque
1590 2278 1635 2352 ad
1661 2278 1765 2352 linem
1794 2305 1930 2375 musae,
1955 2294 2040 2354 sant
2056 2279 2119 2353 luo·

406 2389 463 2472 die
491 2386 717 2477 arbitrariae,
761 2395 801 2454 ut
834 2382 1007 2455 discretus
1043 2380 1150 2452 iudex
1181 2380 1372 2453 secundnm
1405 2379 1608 2479 qualitatem
1641 2405 1873 2478 personarum
1907 2395 1944 2456 et
1975 2385 2119 2479 negotii,

407 2506 518 2590 prout
544 2487 612 2560 sibi
641 2483 834 2577 videbitur,
864 2509 922 2556 eas
949 2482 1162 2556 moderetur.

509 2592 600 2662 Post
624 2589 833 2660 sententiam
859 2611 944 2658 vero
972 2585 1192 2656 diffinitivam
1222 2583 1392 2682 quaedam
1420 2593 1573 2656 statutae
1604 2594 1689 2656 snut
1714 2609 1736 2654 a
1761 2585 1859 2678 inre,
1903 2611 1990 2686 qaas
2014 2585 2120 2660 iudex

357 2727 392 2778 ιο
408 2694 583 2768 moderari
608 2716 680 2763 non
704 2698 842 2786 potest,
883 2687 1020 2760 scilicet
1046 2687 1165 2759 decem
1193 2683 1325 2758 dierum
1342 2687 1411 2778 ¹⁶),
1455 2686 1545 2758 infra
1571 2711 1663 2782 quos
1690 2687 1870 2783 appellare
1902 2689 2001 2781 licat,
2035 2702 2119 2784 poet

407 2822 491 2868 vero
518 2820 612 2888 non3
654 2817 718 2864 nee
751 2801 898 2864 currant
928 2790 988 2860 isti
1020 2788 1139 2860 decena
1173 2787 1246 2860 dies
1280 2789 1466 2882 ignoranti.
1501 2802 1543 2861 ut
1567 2790 1614 2860 X.
1641 2790 1684 2860 G.
1719 2789 1763 2860 do
1793 2815 1832 2861 re
1861 2790 1932 2862 iud.
1948 2789 1986 2884 6,
2003 2788 2064 2862 67.
2090 2818 2119 2864 r.

408 2897 505 2998 qnod
540 2895 585 2968 ad
616 2892 918 2968 consultationem.
943 2887 1002 2964 15.
1025 2889 1074 2988 ¹⁷)
1113 2901 1149 2963 et
1190 2889 1229 2960 0.
1247 2886 1282 2962 6.
1316 2916 1352 2988 q.
1378 2887 1414 2963 6.
1464 2889 1531 2962 snb
1572 2890 1634 2962 illa
1675 2889 1699 2962 l.
1738 2894 1953 2967 anteriorum
1990 2897 2041 2985 (c.
2059 2889 2119 2966 68.

435 3026 462 3071 ι..
511 2998 557 3088 ts)

407 3026 432 3097 p
470 3003 715 3196 )Appellanti
740 3121 824 3168 vero
856 3119 970 3166 annas
1005 3089 1152 3166 datura
1177 3093 1253 3164 inre
1286 3091 1331 3164 ad
1363 3093 1637 3191 appellationem
1676 3095 1974 3194 prosequendam,
2014 3109 2050 3170 et
2076 3123 2120 3171 ex

358 3235 392 3288 25
408 3205 501 3276 insta
528 3225 632 3273 causa
657 3198 845 3290 biennium,
874 3207 914 3270 nt
940 3197 986 3270 X.
1008 3200 1049 3269 G.
1072 3195 1116 3266 de
1140 3194 1270 3291 appell.
1286 3190 1325 3285 2,
1342 3191 1402 3268 68.
1430 3222 1459 3270 c.
1487 3223 1566 3268 cnm
1590 3197 1638 3267 sit
1662 3193 1883 3270 Romanai'a.
1907 3210 1943 3272 et
1965 3223 1995 3271 c.
2021 3197 2119 3272 obla·

408 3317 475 3377 tae.
491 3299 552 3374 57.
568 3303 633 3398 11))
660 3312 695 3374 et
722 3301 825 3372 etiam
848 3299 1031 3370 trienninm
1054 3297 1110 3369 rel
1134 3299 1416 3395 quinquennium
1434 3323 1477 3368 ex
1497 3323 1599 3368 causa
1622 3297 1765 3369 daretur
1785 3301 1886 3372 iusta.
1907 3309 1946 3370 ut
1964 3311 2039 3372 e.t.
2061 3294 2118 3406 (6,

406 3403 484 3503 68.)
512 3429 541 3475 c.
569 3430 612 3476 ex
638 3405 782 3474 ratione.
795 3397 831 3471 8.
849 3400 898 3498 ²⁰)
951 3399 1214 3471 Potesttamen
1240 3411 1376 3495 tempus
1405 3399 1578 3471 moderari
1603 3425 1622 3470 a
1648 3399 1780 3492 indice,
1807 3413 1847 3473 nt
1873 3403 1910 3473 in
1934 3401 2119 3497 praedietis

409 3505 689 3596 concordandis,
716 3501 908 3574 secundum
935 3501 1032 3601 quod
1058 3501 1261 3573 moderatur
1286 3526 1328 3572 ex
1355 3525 1459 3575 causa
1486 3502 1577 3574 insta
1605 3501 1862 3599 quadrimestre
1888 3516 2050 3600 tempas,
2083 3504 2119 3576 id

408 3619 464 3684 est
492 3622 631 3705 tempus
654 3617 805 3702 quatuor
830 3605 1021 3696 mensium,
1046 3603 1143 3701 quod
1165 3602 1270 3674 datur
1296 3627 1357 3674 reo
1383 3602 1613 3678 condemnato
1638 3605 1675 3676 in
1701 3605 1879 3704 personali
1905 3608 2053 3699 nodone,
2081 3619 2120 3678 ut

360 3735 394 3789 so
410 3713 448 3784 iu
475 3737 504 3784 c.
532 3707 627 3808 qnod
656 3706 700 3779 ad
729 3705 1032 3778 consultationem.
1064 3698 1121 3811 (6,
1136 3700 1196 3777 67.
1225 3729 1255 3776 e.
1276 3700 1334 3779 15.
1361 3704 1429 3778 sub
1455 3698 1500 3807 f.)

408 3911 859 3928 ,-,,.,-.........--..-

449 4063 488 4145 6)
531 4065 642 4128 innoc.
653 4061 684 4127 3.
714 4059 765 4127 01.
784 4059 887 4125 litora.
901 4059 935 4124 in
948 4079 979 4124 v.
995 4058 1185 4126 advocatus.
1299 4059 1388 4126 hand
1404 4059 1576 4126 dubitabis.

452 4165 490 4243 7)
531 4163 656 4230 Urban.
670 4161 701 4229 3.
1344 4161 1398 4241 14)
1442 4161 1583 4246 Gregor.
1599 4162 1630 4226 9.
1652 4159 1704 4227 01.
1722 4162 1827 4226 Gloar.
1843 4162 1876 4226 in
1891 4181 1922 4227 v.
1937 4163 2120 4249 productio·

451 4265 488 4344 8)
508 4337 510 4342 ,
531 4273 659 4328 riculis
674 4266 772 4327 Anile.
788 4284 896 4326 conon.
913 4297 954 4310 -
976 4260 1013 4326 B.
1031 4261 1138 4326 „siout
1157 4267 1231 4328 aut’.
1299 4283 1385 4327 nem.
1402 4263 1622 4337 (redeundum
1636 4280 1715 4329 esse
1730 4263 1888 4328 adGIora.
1902 4265 1936 4330 in
1951 4284 1981 4330 o.
1995 4267 2029 4330 in
2043 4285 2120 4332 eatt-

411 4367 553 4432 „noun”
1301 4365 1359 4428 sis.
1378 4364 1426 4428 15.
1443 4384 1471 4429 e.
1486 4373 1525 4439 t.)

376 4494 392 4544 5
451 4469 489 4551 9)
530 4468 641 4533 innoc.
654 4465 683 4532 3.
714 4463 767 4532 01.
785 4466 888 4530 Gtass.
903 4465 936 4528 in
951 4488 983 4531 v.
999 4475 1191 4548 protestata.
1344 4465 1403 4542 15)
1444 4469 1616 4529 diatones.
1631 4464 1725 4531 -B.
1740 4467 2026 4549 »productionesst’

453 4569 508 4644 10)
552 4566 772 4635 coelestinii.
803 4565 855 4632 01.
879 4565 984 4630 Glars.
1011 4567 1045 4631 in
1071 4587 1102 4629 v.
1122 4569 1231 4630 termi-
1344 4565 1399 4642 16)
1442 4566 1480 4631 Β.
1502 4567 1577 4632 add.
1600 4567 1660 4631 sX.
1676 4566 1889 4653 appll‘one.”;
1918 4567 2063 4638 sonasse
2078 4591 2119 4638 ex

409 4693 499 4738 num.
515 4681 548 4734 et
561 4671 593 4736 in
607 4690 638 4734 v.
654 4679 903 4754 competentem.
1300 4667 1526 4748 adnotatione,
1542 4667 1619 4732 olim
1633 4667 1667 4734 iu
1680 4690 1783 4756 marg.
1799 4671 1959 4756 apposite.

453 4773 508 4848 ll)
553 4769 691 4856 Gregor.
706 4769 738 4836 9.
769 4767 818 4835 cf.
836 4771 939 4832 Gloss.
955 4771 1033 4833 inv.
1051 4771 1231 4834 terminum.
1345 4771 1396 4850 17)
1440 4770 1552 4836 innoc.
1566 4768 1598 4836 3.

430 4921 434 4936 .
452 4875 508 4953 ta)
552 4872 654 4936 Aliter
671 4872 774 4936 Gtom.
797 4871 840 4936 ad
860 4868 892 4934 h.
915 4869 1005 4936 decr.
1020 4867 1131 4934 lnnoc.
1145 4867 1176 4936 3.
1197 4869 1232 4948 in
1344 4869 1399 4951 18)
1444 4870 1496 4936 01.
1514 4870 1617 4935 utos..
1632 4873 1666 4938 in
1680 4894 1711 4940 v.
1727 4894 1748 4938 a
1762 4873 1962 4941 recitatione.

363 5000 395 5051 to
412 4999 444 5042 v.
459 4975 639 5040 terminum.
1344 4971 1400 5052 19)
1443 4971 1493 5038 01
1515 4984 1580 5039 not.
1596 4973 1647 5039 31.
1664 4973 1708 5039 ad
1726 4975 1837 5040 Tanna
1860 4987 1943 5059 part.
1958 4975 1988 5040 6.
2009 4972 2053 5042 tit.
2070 4979 2120 5042 17.

455 5077 510 5146 13)
554 5072 753 5140 testea-B.
770 5067 965 5138 „ostenti”
983 5079 1099 5150 (testes
1115 5069 1230 5147 snos‘l)
1342 5072 1396 5149 60)
1441 5073 1603 5142 Alexand·
1618 5075 1649 5142 3.
1679 5073 1731 5142 01.
1750 5075 1856 5146 Glors.
1870 5078 1902 5142 in
1919 5099 1948 5144 v.
1964 5082 2120 5164 impoten-

411 5178 463 5246 De
499 5175 722 5246 instrumentis
756 5187 903 5240 nostrum
939 5173 1051 5240 dicere
1083 5173 1232 5241 noluisse
1300 5177 1386 5241 tiam
