4786 5962
381 565 425 630 50
933 561 1020 628 Pillii
1051 563 1092 627 de
1121 562 1193 626 ord.
1222 561 1371 627 iudicior.
1413 559 1450 623 P.
1465 558 1497 624 3.

385 765 541 827 mentum
567 777 610 826 ex
635 753 756 828 codem
779 751 913 845 verbo,
952 751 1166 824 ubidicitur
1193 752 1256 844 „io
1284 748 1445 823 omuibus
1472 747 1596 821 litibus
1624 747 1734 843 ctc.”3
1773 773 1853 821 uam
1881 747 1952 820 litis
1978 775 2107 823 nomen

386 856 645 954 complexivum
671 869 725 927 cst
749 856 897 928 actionis
922 855 959 924 in
986 879 1060 926 rem
1088 865 1124 925 ct
1147 856 1182 924 in
1209 879 1416 951 personam3
1443 865 1483 924 ut
1509 853 1587 946 big.
1615 851 1660 922 de
1686 847 1783 922 verb.
1810 849 1976 946 sigmbll,
2001 849 2111 944 161.

386 959 468 1029 litis.
485 955 548 1028 56.
567 957 620 1056 2))
653 959 735 1030 item
763 959 845 1056 quia
872 954 1013 1054 publica
1037 955 1162 1027 iudicia
1190 955 1276 1027 nibil
1303 956 1444 1027 omniuo
1469 954 1580 1026 simile
1605 951 1739 1026 habeut
1766 977 1844 1024 cum
1869 956 1994 1026 ceteris
2020 954 2110 1026 iudi·

386 1062 470 1154 ciis,
497 1059 560 1130 sed
587 1086 650 1131 nec
678 1085 742 1156 per
767 1061 922 1131 actiones
951 1055 1170 1129 ordinantur.
1197 1071 1237 1130 ut
1263 1062 1349 1130 lust.
1377 1057 1422 1128 de
1447 1056 1544 1154 publ.
1572 1056 1643 1127 iud.
1658 1053 1697 1148 4,
1725 1051 1785 1127 18.
1810 1056 1847 1124 in
1873 1057 1986 1152 princ.
2038 1059 2111 1128 Ve-

355 1173 582 1234 srumtamen
609 1160 698 1232 banc
723 1161 881 1231 ultimam
908 1174 1043 1256 partem
1073 1163 1281 1232 sacramenti
1306 1158 1538 1257 praestabunt
1563 1161 1599 1228 in
1625 1181 1728 1230 eausa
1753 1157 1942 1250 criminali,
1980 1159 2113 1231 scilicet

387 1262 484 1362 quod
513 1287 624 1361 neque
650 1260 826 1334 dederuut
853 1261 959 1332 iudici
984 1287 1098 1360 neque
1124 1259 1261 1333 dabunt
1289 1273 1354 1333 etc.
1407 1260 1478 1334 Sed
1504 1260 1627 1333 melius
1656 1272 1729 1352 est,
1756 1273 1796 1331 ut
1821 1260 1957 1332 iuretur
1983 1261 2028 1334 de
2053 1286 2109 1334 ca·

387 1366 535 1457 lamnia,
563 1377 635 1436 tam
664 1364 840 1457 incivili,
867 1390 974 1462 quam
1000 1365 1036 1434 io
1063 1364 1232 1435 criminali
1259 1388 1365 1434 causa
1385 1361 1428 1461 ³).

487 1469 577 1540 ltem
613 1468 650 1536 io
682 1468 799 1536 causis
826 1466 1006 1537 translatis
1038 1465 1082 1536 ad
1109 1465 1214 1537 alium
1231 1465 1264 1564 ⁴)
1289 1465 1455 1557 iudicem,
1493 1465 1628 1538 scilicet
1653 1460 1710 1535 vel
1736 1488 1801 1560 per
1826 1461 2111 1562 appellationem,

387 1566 444 1642 vel
470 1595 534 1666 per
559 1568 664 1667 primi
692 1568 816 1640 iudicis
844 1579 1011 1659 mortem,
1047 1567 1103 1638 vel
1129 1593 1194 1664 per
1221 1568 1323 1638 aliam
1350 1565 1612 1639 irrecusabilem
1638 1567 1878 1659 occasionem,
1920 1591 1992 1638 uon
2020 1568 2112 1638 iura·

340 1701 371 1752 10
389 1685 448 1743 tur
475 1672 519 1743 de
547 1670 737 1762 calumnia,
781 1671 863 1768 quia
892 1669 1026 1742 sufficit
1057 1670 1167 1741 semel
1200 1669 1310 1741 luisse
1341 1671 1494 1741 iuratum
1529 1665 1622 1764 apud
1651 1667 1799 1764 primum
1828 1668 1989 1740 indicem.
2041 1663 2112 1740 Sed

387 1773 457 1845 boc
481 1772 599 1844 solum
622 1782 709 1842 tunc
735 1769 906 1842 iurabitur
939 1773 976 1841 iu
1005 1772 1116 1843 causis
1152 1771 1277 1844 delatis
1314 1796 1378 1869 per
1405 1770 1697 1868 appellationem,
1739 1769 1875 1842 scilicet
1899 1769 1945 1854 de
1966 1769 2113 1842 diceudo

388 1875 552 1966 veritate,
596 1883 631 1944 et
658 1872 754 1971 quod
780 1872 865 1943 nibil
892 1871 1064 1944 dederunt
1088 1871 1215 1966 iudici,
1252 1899 1367 1972 neque
1392 1871 1548 1966 dabunt,
1583 1883 1644 1942 ant
1669 1871 1769 1943 alteri
1796 1897 1862 1968 pro
1890 1897 1955 1966 eo,
1997 1872 2111 1968 quoli-

388 1976 452 2048 bet
475 1975 582 2046 modo
611 1987 761 2072 propter
787 1973 867 2046 boc.
893 1986 934 2046 ut
959 1977 997 2045 in
1021 1973 1131 2046 Autb.
1158 1986 1199 2047 ut
1224 1975 1372 2070 litigant.
1399 1977 1464 2046 iur.
1489 1978 1524 2044 in
1551 1974 1659 2071 princ.
1686 1974 1769 2045 coll.
1784 1971 1819 2045 9.
1848 1970 2055 2064 (1101114.
2083 2000 2112 2046 c.

390 2076 443 2174 l.)
495 2077 577 2148 Nou
603 2088 658 2147 est
686 2077 833 2168 mirum,
860 2079 890 2146 si
914 2075 983 2148 boe
1010 2089 1269 2150 sacramentum
1296 2076 1390 2176 apud
1417 2076 1564 2149 iudicem
1590 2087 1802 2174 praestetur,
1828 2078 1890 2174 qui
1918 2076 1962 2148 de
1989 2073 2111 2173 appel·

339 2200 371 2250 15
389 2179 520 2251 latione
547 2180 746 2273 cognoscit3
787 2179 955 2276 quoniam
981 2205 1059 2250 esse
1085 2191 1227 2275 potest,
1270 2179 1369 2278 qood
1402 2180 1552 2277 primum
1588 2202 1659 2250 uon
1687 2175 1866 2249 dedissent
1895 2177 1953 2250 vel
1978 2179 2111 2275 promi·

387 2281 514 2352 sissent
539 2280 645 2352 iudici
672 2282 707 2350 in
732 2279 918 2378 principali
943 2284 1104 2376 negotio,
1133 2282 1196 2354 sed
1224 2281 1331 2354 modo
1357 2280 1452 2354 sorte
1478 2279 1559 2351 hnic
1585 2279 1729 2350 daretur
1753 2277 1810 2351 vel
1835 2280 2110 2377 promitteretur,

388 2395 422 2455 et
447 2393 566 2454 esseut
588 2381 710 2474 multi,
746 2384 809 2480 qui
835 2408 908 2453 non
939 2383 1122 2456 crederent
1150 2410 1188 2456 sc
1219 2384 1264 2456 de
1289 2384 1399 2480 priori
1426 2392 1645 2454 sacramento
1675 2383 1785 2452 teneri
1809 2381 1904 2478 apud
1929 2383 2036 2453 istum
2058 2381 2110 2454 iu·

387 2485 509 2557 dicem.
562 2483 632 2556 Sed
662 2483 802 2581 quidam
831 2484 975 2576 dicunt,
1020 2485 1117 2582 quod
1136 2487 1318 2571 ¹translato
1351 2485 1480 2558 iudicio
1510 2483 1554 2554 ad
1588 2483 1694 2554 alium
1723 2482 1872 2556 iudicem
1898 2495 1978 2556 ante
2005 2485 2110 2556 trien·

388 2588 483 2657 nium
512 2613 556 2658 ex
584 2611 689 2657 causa
715 2584 928 2678 inevitabili,
967 2598 1008 2658 ut
1029 2588 1164 2659 dictum
1192 2600 1266 2681 est,
1306 2585 1473 2658 iorabuut
1505 2586 1702 2680 litigatores
1733 2583 1777 2658 de
1811 2583 1983 2657 calumnia
2018 2585 2110 2682 apud

337 2702 371 2753 eo
388 2691 495 2760 istum
520 2687 691 2780 iudicem,
732 2690 823 2759 sicut
855 2689 990 2759 iuratur
1022 2689 1059 2758 in
1084 2690 1196 2760 causis
1223 2689 1349 2761 delatis
1376 2714 1442 2788 per
1467 2687 1760 2786 appellationem
1792 2699 1833 2759 ut
1860 2713 1933 2781 arg.
1961 2687 2041 2781 big.
2067 2687 2112 2757 de

387 2792 502 2863 damu.
537 2786 679 2882 16659,
708 2786 743 2860 2.
773 2790 797 2861 l.
824 2791 886 2888 qui
916 2789 1009 2862 bona
1035 2789 1114 2864 fide.
1125 2787 1175 2862 15
1214 2789 1249 2891 ἓ.
1278 2793 1415 2890 siquis
1443 2786 1782 2889 stipulaturus.123
1808 2814 1888 2860 uam
1912 2788 2011 2861 multi
2038 2813 2111 2859 non

388 2892 572 2964 crederent
599 2917 637 2962 se
662 2894 777 2963 ‘teneri
807 2891 851 2964 de
887 2893 999 2989 priori
1026 2905 1247 2965 sacramento
1274 2893 1367 2990 apud
1399 2895 1505 2965 istum
1537 2889 1693 2964 iudicem.
1745 2893 1904 2980 Quorum
1935 2891 2108 2962 sententia

388 2992 603 3064 laudabilior
629 3005 702 3085 est,
737 3007 778 3066 ut
809 2996 922 3066 omnis
950 2994 1102 3066 evitetur
1126 2995 1282 3093 suspicio
1301 2997 1332 3088 5)
1366 3006 1402 3068 et
1425 2994 1637 3088 malignandi
1663 3006 1887 3066 removeatur
1910 2992 2049 3066 occasio
2067 2990 2111 3088 6).

388 3097 519 3166 -De
546 3117 650 3166 causa
676 3096 770 3166 intra
796 3096 980 3167 triennium
1007 3095 1167 3167 noudum
1192 3098 1290 3170 linita
1318 3123 1421 3170 nemo
1449 3108 1504 3169 est
1529 3097 1590 3194 qui
1614 3093 1771 3188 dubitet,
1813 3097 1978 3194 quoniam
1995 3098 2046 3186 ⁷),
2080 3096 2111 3165 si

340 3209 477 3293 etpost
501 3196 654 3289 agitetur
679 3196 715 3265 in
740 3221 798 3289 ea,
839 3198 967 3268 iterum
985 3195 1018 3296 8)
1045 3197 1217 3271 iurabitut·
1245 3200 1289 3272 de
1315 3199 1506 3292 calomnia,
1548 3198 1633 3297 quia
1661 3199 1773 3294 ipsius
1808 3198 1973 3270 instantia
2008 3198 2111 3295 periit

390 3311 426 3370 et
454 3298 522 3369 alia
551 3322 656 3369 causa
687 3309 751 3370 est.
809 3296 907 3370 ldcm
939 3310 993 3369 est
1025 3298 1129 3372 bodie
1146 3303 1177 3393 9)
1216 3303 1252 3372 ἰιι
1289 3301 1453 3374 omnibus
1483 3303 1618 3393 causis,
1663 3325 1752 3398 qtrae
1769 3301 1815 3390 1ο)
1843 3312 2002 3396 tempore
2032 3297 2110 3370 bre·

391 3401 478 3471 viori
504 3399 694 3492 liniuntur,
737 3400 820 3497 quia
846 3398 988 3472 brevius
1014 3413 1153 3498 tempus
1186 3403 1379 3475 secundum
1404 3405 1518 3476 varias
1545 3403 1706 3475 locorum
1732 3401 2003 3474 consuetudines
2032 3427 2111 3474 suc·

386 3501 482 3572 cedit
508 3502 543 3571 in
571 3501 689 3572 locum
718 3503 876 3596 triennii,
921 3513 961 3574 ut
987 3505 1160 3575 translato
1186 3504 1315 3578 iudicio
1349 3518 1496 3602 propter
1528 3504 1698 3601 temporis
1727 3529 1886 3597 cursum,
1929 3506 1958 3574 si
1986 3505 2112 3576 iterum

390 3606 564 3697 agitetur,
592 3605 720 3676 iterato
736 3607 781 3695 ¹¹)
808 3603 851 3675 de
878 3605 1047 3677 calumnia
1072 3604 1255 3679 iurabitur.

432 3959 469 4033 1)
513 3954 564 4022 Cf.
580 3960 709 4020 Bornos.
726 3958 768 4021 tit
784 3958 836 4022 49.
851 3957 952 4024 subs.
1289 3961 1360 4040 bet,
1391 3960 1433 4024 de
1456 3981 1521 4045 qua
1534 3951 1638 4046 sopra
1651 3963 1684 4026 in
1700 3960 1975 4046 appellationibus
1993 3961 2113 4026 dictum

433 4057 471 4140 3)
515 4069 577 4122 tom
597 4065 630 4121 to
652 4065 708 4122 cic.
729 4083 756 4142 ρ.
777 4067 810 4121 to
831 4067 913 4124 cano.
930 4085 954 4124 o.
970 4061 1007 4126 B.
1022 4061 1059 4126 P.
1075 4064 1156 4146 (om.
1171 4073 1219 4126 ta·
1288 4074 1349 4126 est.
1380 4060 1535 4127 Ceterum
1561 4059 1617 4128 alii
1638 4064 1703 4128 ista
1723 4061 1745 4126 l.
1768 4063 1823 4148 qui
1845 4064 1932 4128 bona
1955 4061 2008 4126 fid.
2032 4061 2063 4148 ἕ.
2084 4065 2113 4127 si

391 4181 468 4225 meu
485 4179 515 4222 v.
532 4162 700 4242 aeausa.”)
732 4195 772 4209 -
801 4160 854 4224 Al.
874 4173 957 4228 atam
979 4163 1013 4227 iu
1036 4164 1126 4228 crim.
1142 4185 1172 4249 q.
1186 4163 1219 4227 in
1289 4169 1363 4250 quis
1385 4162 1494 4248 stipnl.
1511 4164 1562 4253 'ita
1582 4165 1635 4229 usi
1657 4175 1750 4244 sunt,
1779 4175 1816 4228 ut
1839 4165 2000 4249 integrum
2023 4165 2112 4229 calu-

393 4265 454 4328 civ.
471 4262 519 4326 o.'’
536 4259 578 4325 G.
1287 4268 1395 4330 motae
1412 4265 1639 4330 iusiurandum
1661 4266 1842 4330 iterandum
1858 4285 1936 4330 esse
1951 4277 2112 4350 putarent.

361 4379 376 4426 5
478 4363 518 4427 ll.
535 4363 568 4427 d.
582 4371 658 4426 test.
678 4365 788 4427 rann.
803 4385 834 4447 ρ.
849 4364 881 4430 3.
896 4366 940 4430 tit.
956 4367 984 4430 2.
1002 4366 1032 4453 ᾗ.
1047 4367 1078 4432 3.
1103 4403 1141 4416 -
1172 4365 1222 4431 cf.
1295 4365 1343 4431 Cf.
1360 4372 1398 4430 D.
1416 4370 1457 4430 D.
1474 4371 1537 4430 cod.
1555 4369 1638 4430 Otia.
1654 4365 1684 4452 §.
1702 4367 1773 4431 164.
1788 4387 1865 4453 pag.
1880 4367 1953 4432 244.
1969 4373 2113 4448 Motae.

393 4467 433 4524 11.
448 4468 486 4526 D.
504 4474 560 4527 oet.
578 4467 647 4526 cell.
677 4462 707 4549 §.
724 4463 773 4528 16.
803 4485 882 4549 pag.
901 4465 950 4530 13.
988 4473 1101 4548 Royan.
1126 4469 1156 4556 §.
1170 4469 1222 4534 49.
1292 4465 2113 4562 ᾗ.86.ρ113.394.9101081.86181111161111811·

394 4583 466 4646 pag.
485 4565 555 4630 1⁰1.
585 4567 733 4644 Hreqolin.
750 4563 779 4651 §.
788 4565 840 4630 65.
855 4565 906 4632 66.
922 4587 999 4652 pag.
1014 4569 1088 4634 304.
1104 4582 1221 4654 etseq.
1291 4571 1377 4634 dum
1393 4587 1482 4634 vers.
1498 4569 1574 4633 itero
1591 4579 1678 4633 nota.

395 4675 428 4727 et
441 4665 516 4727 ibid.
535 4668 599 4738 (ed.
609 4668 755 4746 Haereat.)
771 4689 900 4734 acecss.
916 4668 946 4732 3.
964 4667 1050 4754 §.22
1065 4691 1141 4754 pag.
1150 4669 1222 4732 aas
1333 4671 1370 4754 7)
1414 4677 1565 4754 proniora
1582 4669 1639 4734 Sic
1647 4669 1682 4734 B.
1693 4669 1728 4733 P.
1739 4674 1841 4757 πρῶθ’
1855 4705 1898 4717 -
1916 4669 2112 4756 ΑΙ.ιι(ριοι1.”

435 4765 476 4844 4)
518 4771 621 4828 oliano.
638 4766 678 4832 G.
695 4805 736 4815 -
753 4769 791 4833 Β.
807 4769 844 4833 Ρ.
860 4791 923 4834 om.
1088 4821 1092 4834 .
1292 4771 1322 4835 G

345 4895 377 4942 10
436 4867 473 4946 5)
518 4865 558 4930 G.
575 4867 668 4930 adu:
699 4870 806 4956 ’equod
827 4871 1016 4954 imperatori
1040 4873 1132 4937 cordi
1152 4870 1220 4936 soit.
1325 4821 1369 4955 16)
1412 4881 1528 4936 iterum.
1537 4873 1572 4936 P.
1582 4873 1734 4939 u-At.
1745 4874 1835 4939 „nn”
1850 4875 1869 4937 i.
1887 4893 1916 4936 e.
1931 4883 2065 4938 tontum.
2075 4871 2112 4934 B.
2244 4963 2250 4972 Ι

397 4980 451 5035 „ut
466 4966 549 5032 Cod.
566 4965 608 5030 de
623 4967 688 5032 iud.
703 4971 734 5050 3,
753 4973 782 5035 l.
797 4971 814 5035 l¹
833 4973 1128 5053 apertisstmt.16.'’
1331 4975 1369 5057 9)
1412 4973 1449 5038 Β.
1465 4975 1558 5040 adda
1575 4975 1695 5043 „lere”

437 5069 474 5151 6)
517 5068 669 5134 Laudata
683 5068 807 5138 haecce
823 5073 951 5155 opinio,
973 5075 1035 5138 nisi
1050 5075 1144 5156 ipsas
1158 5074 1221 5139 bns
1333 5075 1389 5160 10)
1431 5077 1470 5141 B.
1486 5078 1578 5143 add:
1595 5075 1731 5162 „tque”
1747 5109 1788 5124 -
1804 5075 1840 5140 P.
1857 5075 1969 5138 orreo?

348 5161 353 5170 ’
395 5171 512 5238 laudes
528 5191 549 5234 a
566 5171 709 5254 germino
731 5184 884 5239 contextu
904 5174 1032 5240 alienas
1048 5195 1126 5239 esse
1143 5195 1219 5241 een·
1334 5178 1388 5260 ll)
1406 5237 1408 5245 ,
1432 5186 1546 5244 ito-oto.
1563 5179 1599 5242 P.
1615 5214 1654 5224 -
1671 5177 1844 5242 ”iteratio”
1860 5173 1897 5239 G.
1925 5212 1967 5220 -—
1997 5179 2112 5242 aitera-

336 5295 340 5306 ’
396 5295 493 5354 scas,
509 5272 551 5335 ad
568 5291 642 5336 eam
656 5272 868 5341 iurisiurandi
885 5289 1011 5361 partem
1027 5275 1146 5342 referri
1163 5279 1219 5342 ‹le-
1290 5279 1421 5346 rabitur?
1435 5281 1473 5345 B.
