4764 5958
312 545 420 614 Titii.
449 544 502 610 De
516 545 666 612 testibus.
695 541 726 631 §.
742 543 773 610 3.
817 544 880 610 Tit.
894 544 925 613 7.
953 542 1006 610 De
1021 545 1238 628 productione
1253 544 1542 610 instrumentorum
1557 543 1612 610 vel
1626 545 1882 632 privilegiorum.
1931 545 1997 617 373

268 739 402 814 licitum
428 737 477 808 sit
503 735 535 809 ei
563 733 735 826 obiicere,
776 733 996 832 quodvult,
1037 742 1108 805 tam
1130 735 1166 804 in
1189 759 1361 832 personas
1388 736 1551 826 testium,
1598 761 1704 833 quam
1737 738 1773 807 in
1792 736 1897 812 diota.
1949 741 1995 812 Et

267 854 419 939 utraque
442 837 591 936 parasii
616 847 734 929 cunta,
773 835 877 934 quod·
901 863 972 908 non
998 839 1175 909 renuntiet
1201 834 1367 908 omnibus
1403 835 1673 933 probationibus
1699 840 1734 910 in
1761 865 1908 933 genere,
1948 867 1993 916 ne

268 947 366 1018 forte
390 951 517 1039 posset
543 939 769 1036 postmodum
792 939 992 1034 producere
1015 934 1249 1011 instrumenta
1280 963 1343 1010 sna
1371 939 1427 1011 vel
1453 940 1636 1037 privilegia
1659 965 1745 1038 sna3
1785 943 1849 1014 sed
1874 943 1992 1026 solnm

268 1045 445 1120 renuntiet
470 1039 762 1139 productionibus
788 1042 958 1113 testium

266 1198 271 1209 ·
324 1187 325 1190 ι
368 1147 435 1220 llis
480 1142 647 1218 omnibns
687 1145 739 1216 sie
779 1145 931 1240 peractis
978 1139 1157 1242 quaelibet
1204 1165 1287 1238 pars
1330 1143 1478 1239 accipiet
1524 1145 1663 1241 copiam
1705 1147 1860 1219 testium.
1941 1147 2022 1220 Etr.

268 1251 385 1324 statim
411 1246 515 1319 iudex
543 1245 714 1342 praefigat
742 1247 927 1318 terminum
960 1255 1216 1339 congruentem
1248 1267 1332 1336 reo,
1373 1242 1530 1343 iutra⁴¹i
1559 1273 1664 1344 quem
1690 1248 1842 1345 repellat
1869 1260 1991 1343 testes,

267 1355 299 1426 si
324 1359 456 1448 potest.
505 1349 603 1420 Reus
629 1359 746 1420 autem
771 1350 924 1444 acceptis
949 1348 1098 1420 induciis
1124 1343 1311 1436 deliberet,
1335 1357 1452 1418 utrum
1478 1349 1594 1443 possit
1620 1350 1810 1448 quidquam
1838 1349 1992 1424 obiicere

267 1465 405 1528 eontra
419 1475 589 1548 personas
616 1449 776 1544 testium,
799 1462 835 1522 et
861 1448 1070 1524 adveniente
1097 1449 1245 1520 termino
1262 1437 1315 1552 ⁴²)
1345 1449 1495 1546 excipiat
1522 1475 1642 1524 eoram
1667 1453 1798 1544 iudice,
1825 1454 1919 1526 sieut
1933 1479 1991 1534 su,-

267 1581 332 1656 pru
365 1553 471 1628 titulo
506 1554 669 1650 proximo
694 1551 890 1624 nomuimus
904 1549 964 1650 ⁴³).
1018 1549 1057 1622 Si
1088 1575 1173 1622 vero
1206 1550 1256 1620 nii
1290 1549 1375 1622 velit
1407 1551 1540 1644 dicere
1557 1554 1594 1624 in
1627 1579 1798 1651 personas
1834 1555 1991 1650 testium,

267 1659 364 1730 dicto
378 1653 430 1754 4⁴)
457 1657 608 1728 termino
637 1666 850 1749 congruente
876 1654 1079 1730 solemnitor
1105 1648 1295 1746 allegabit,
1336 1655 1431 1726 sient
1461 1653 1553 1726 inira
1585 1656 1623 1726 in
1654 1656 1759 1730 titulo
1786 1656 1831 1729 de
1857 1656 1988 1753 allega·
2008 1685 2041 1736 ιο

267 1757 426 1834 tionibus
451 1757 607 1831 dicemus
621 1753 684 1855 ⁴²⁵).

592 1999 595 2008 .
632 1939 687 2006 De
701 1941 919 2025 productione
933 1940 1223 2009 instrumentorum
1237 1935 1291 2004 vel
1305 1936 1564 2024 privilegiorum.
1584 1943 1614 2016 ¹)
1991 1957 2073 2029 ΤΠ,

368 2067 458 2140 Post
487 2064 629 2136 testium
663 2059 934 2160 publicationem
975 2061 1059 2160 quia
1098 2062 1330 2132 instrumente
1364 2058 1423 2132 vel
1453 2060 1635 2158 privilegia
1668 2062 1706 2133 in
1737 2088 1839 2138 eausa
1871 2065 1990 2140 solent

267 2167 434 2269 produci,
460 2165 540 2238 ideo
567 2164 611 2238 de
638 2165 795 2261 ipsorum
822 2165 1057 2262 productione
1084 2173 1288 2236 tractemus.

371 2271 439 2362 Qui
466 2269 557 2341 enim
583 2264 709 2339 volunt
736 2267 933 2363 producere
968 2267 1200 2337 iustrumenta
1229 2263 1387 2356 diversa,
1428 2274 1592 2355 caveant,
1634 2288 1679 2336 ne
1704 2264 1775 2337 sint
1799 2269 1988 2360 contraria,
2008 2283 2040 2334 15

267 2375 352 2473 quia
378 2383 537 2444 nentrum
564 2370 696 2442 iaceret
719 2367 837 2440 iidem.
864 2379 905 2441 nt
929 2369 984 2440 Χ.
1003 2370 1047 2440 G.
1073 2365 1118 2440 de
1142 2363 1212 2438 fide
1236 2367 1397 2438 instrum.
1414 2361 1452 2458 Β,
1470 2361 1532 2436 28.
1557 2391 1588 2438 e.
1615 2366 1790 2463 imputari.
1808 2366 1868 2442 15.
1888 2368 1921 2467 2)
1954 2381 1990 2442 et

267 2479 308 2551 6.
323 2470 384 2546 85.
410 2501 445 2573 q.
459 2469 494 2543 Β.
522 2497 551 2544 c.
577 2472 609 2542 si
633 2467 783 2567 16143)
835 2471 1017 2568 Respiciet
1043 2470 1166 2563 etiam,
1205 2469 1238 2538 si
1271 2465 1344 2539 siut
1378 2467 1454 2538 sine
1482 2467 1586 2559 vitio,
1628 2469 1686 2542 vel
1718 2472 1989 2567 vituperatione,

266 2577 327 2652 vei
352 2579 429 2648 sine
455 2573 668 2646 interlineari
692 2574 890 2668 scriptura,
924 2572 982 2646 vel
1008 2597 1132 2644 rasura
1166 2573 1201 2640 in
1227 2569 1308 2642 loeo
1334 2581 1513 2665 suspecto.
1539 2583 1579 2642 ut
1603 2595 1635 2642 e.
1659 2581 1683 2643 1.
1712 2563 1779 2676 (X.
1794 2570 1890 2665 (1.8,
1906 2565 1988 2671 22.)

267 2707 298 2755 o.
330 2678 395 2750 ult.
413 2679 444 2771 4)
480 2675 524 2748 de
558 2670 809 2773 privit.5,55.
842 2701 871 2747 c.
907 2701 987 2748 cum
1018 2673 1114 2746 oiim.
1130 2670 1190 2744 14.
1208 2672 1240 2762 5)
1274 2671 1320 2744 de
1348 2671 1449 2764 relig.
1471 2669 1736 2765 domium&
1764 2697 1795 2748 e.
1822 2701 1901 2747 eum
1930 2701 1989 2749 ue·

152 2807 155 2816 ’
269 2774 551 2875 restitisti)
604 2776 752 2872 Semper
782 2777 968 2874 mpiciat,
1013 2778 1044 2846 si
1078 2785 1161 2848 sunt
1200 2773 1237 2844 in
1274 2773 1510 2846 instrumento
1540 2771 1684 2870 publico
1718 2778 1800 2848 euni
1832 2775 1987 2870 Domini,
2005 2783 2040 2837 20

267 2884 409 2974 mensis,
436 2881 524 2971 dies,
551 2878 709 2969 indictio,
738 2881 862 2951 eonsui
887 2891 923 2952 et
949 2903 1112 2974 praeses3
1139 2875 1298 2973 alioquin
1321 2901 1394 2950 non
1421 2874 1524 2948 velet.
1550 2877 1641 2948 bist.
1652 2872 1718 2950 25.
1746 2905 1777 2952 c·
1790 2874 1825 2949 1.
1851 2876 1937 2977 (pr.)
1957 2881 1988 2974 7)

243 2980 381 3062 ,ce-t
403 3007 439 3078 q.
452 2977 487 3051 4.
508 2979 543 3078 §⁰
572 2980 604 3052 si
631 3005 702 3076 qua
723 2977 905 3053 beneficia.
934 2975 985 3086 (e.
1003 2975 1062 3052 16.
1088 2968 1194 3082 67.)

370 3085 435 3156 His
468 3081 718 3174 consideratis,
754 3094 937 3179 praesente
972 3082 1111 3153 notario
1144 3077 1322 3176 produces
1352 3079 1587 3151 instrumente
1618 3090 1678 3153 tue
1710 3105 1774 3162 seu
1805 3081 1988 3178 privilegia

268 3183 341 3258 sub
366 3185 420 3256 bis
447 3181 583 3256 uerbis:
624 3182 695 3277 „ud
723 3183 941 3281 probandum
970 3183 1015 3256 de
1033 3183 1065 3282 8)
1091 3185 1168 3255 iure
1194 3207 1274 3254 nueo
1301 3181 1461 3277 produco
1481 3181 1515 3276 i)
1542 3207 1659 3254 eoram
1686 3180 1810 3277 vobis,
1849 3182 1990 3256 domine
2111 3249 2115 3261 .

268 3290 338 3382 „P.
366 3287 493 3377 index,
523 3288 754 3358 instrumenta
779 3313 855 3363 mea
880 3288 916 3358 in
941 3310 1066 3378 eausa,
1087 3309 1209 3384 »quan
1234 3280 1347 3356 babeo
1374 3309 1454 3356 eum
1482 3281 1544 3354 tali
1572 3283 1774 3356 adversor-io
1799 3289 1910 3360 meo·'’
1936 3325 1986 3342 -·
2006 3305 2040 3358 at

266 3390 306 3462 si
330 3415 415 3464 vero
438 3389 594 3482 litigares
607 3384 653 3485 ¹⁰)
687 3413 806 3460 eoram
828 3401 996 3486 suspecto
1019 3387 1154 3480 iudice,
1194 3375 1433 3479 consuioss),
1471 3395 1514 3456 nt
1544 3384 1609 3458 tibi
1643 3387 1793 3460 retineas
1828 3388 1988 3485 exemplu

265 3495 579 3566 instrumentorum
607 3502 771 3586 tuorum,
798 3502 839 3563 ut
862 3515 990 3588 posses
1011 3501 1139 3588 postea
1168 3486 1341 3587 probare,
1373 3489 1405 3558 si
1430 3511 1574 3560 neeesse
1599 3499 1714 3582 esset,
1748 3500 1784 3561 te
1811 3488 1989 3562 induxisse

309 3743 368 3818 41)
410 3752 502 3808 intra.
518 3779 560 3795 -
573 3741 613 3807 Β.
629 3741 712 3806 ιῖι1.”
1206 3741 1242 3826 l)
1285 3739 1325 3806 Β.
1340 3739 1441 3806 inser.
1464 3739 1536 3806 »De
1559 3739 1775 3825 productione
1790 3741 1987 3804 instruunen·

309 3847 367 3922 tn)
411 3853 548 3908 temnere.
565 3842 603 3910 Β.
619 3865 686 3909 οιιι.,
876 3873 889 3886 ·
1079 3881 1082 3888 ·
1166 3854 1294 3910 storum
1309 3841 1365 3910 vel
1380 3841 1585 3908 ninliorum.‘'

310 3946 369 4023 43)
411 3952 456 4008 tit.
471 3951 615 4028 proeium
629 3951 808 4009 notavimus.
825 3943 871 4020 (b
886 3955 906 4011 t.
922 3945 988 4034 §.L
1004 3967 1093 4014 vers.
1203 3945 1240 4030 Β)
1285 3941 1335 4008 61.
1353 3955 1419 4009 not.
1434 3943 1486 4008 85.
1502 3944 1544 4008 ad
1562 3945 1672 4006 Tener.
1689 3951 1772 4025 part.
1788 3939 1879 4007 3.111.
1897 3941 1947 4006 la.

269 4048 388 4123 eitari.)
416 4047 478 4112 His
500 4047 632 4133 quidem
651 4046 785 4127 verbis,
802 4047 832 4112 si
847 4050 921 4134 quis
936 4049 1033 4116 buius
1048 4051 1093 4116 tit.
1202 4047 1244 4127 ³)
1287 4043 1339 4112 61.
1357 4047 1460 4112 Gtoea.
1477 4045 1510 4108 in
1525 4065 1557 4112 v·
1573 4045 1602 4107 si
1617 4063 1658 4109 ea
1674 4044 1889 4110 destruerem.

268 4149 299 4216 6.
320 4149 396 4216 loeo
418 4149 531 4232 plures
553 4147 704 4214 rubricas
717 4149 890 4214 addendas
906 4166 984 4216 esse
999 4163 1093 4236 puta·
1203 4149 1241 4233 4)
1285 4167 1356 4231 arg.
1370 4147 1462 4212 verb.
1485 4145 1539 4209 „in
1552 4143 1646 4210 nulla
1665 4147 1718 4210 sui
1736 4156 1833 4229 parte
1844 4145 1988 4214 vitiata.’'
2006 4154 2025 4206 5»

267 4251 369 4334 venit,
390 4247 510 4316 melius
526 4248 693 4334 proiecto,
713 4269 811 4336 quiem
825 4253 1094 4336 inscriptionibus
1162 4248 1306 4334 Gregor.
1319 4247 1350 4312 9.

267 4373 373 4438 supra
388 4361 473 4428 (not
493 4351 539 4416 16
554 4351 629 4428 21.)
646 4353 911 4418 commemoratis
924 4353 1024 4420 talem
1040 4375 1093 4421 se·
1203 4351 1243 4434 6)
1284 4349 1394 4414 lnnoe.
1408 4348 1442 4414 3.
1472 4346 1521 4414 61.
1543 4348 1646 4412 Gloss.
1663 4348 1697 4418 iu
1712 4371 1747 4416 v.
1758 4367 1907 4416 rasurus.
2037 4369 2040 4374 ·

267 4457 472 4540 parationem
487 4453 645 4530 tuebitur;
666 4463 894 4519 verumtamen
907 4453 1095 4525 huiusmodi
1202 4449 1241 4531 6)
1284 4450 1437 4520 lunae-³.
1457 4447 1509 4517 61
1523 4451 1629 4516 Gtocs.
1647 4453 1680 4518 io
1695 4474 1726 4518 v·
1740 4461 1878 4537 propter
1891 4471 1990 4536 prae·
2112 4444 2114 4452 ’

268 4556 451 4622 distributio
465 4576 487 4622 a
500 4553 629 4640 reliqna
651 4553 729 4622 libri
744 4555 919 4639 partitione
932 4559 1019 4626 adeo
1035 4559 1094 4623 ob·
1163 4553 1262 4618 dieta.
2021 4597 2046 4618 ι.

266 4655 398 4735 horret,
415 4667 451 4722 nt
463 4657 529 4722 ista
544 4652 678 4722 Gratiae
692 4658 797 4724 verbe
810 4658 855 4724 ad
869 4656 969 4724 uliam
983 4659 1096 4744 potins
1205 4656 1244 4738 7)
1287 4657 1430 4720 Dictat.
1446 4677 1471 4720 e.
1485 4661 1515 4722 1.
1535 4655 1590 4730 (B.
1606 4656 1744 4722 „xxvi
1759 4657 1792 4722 d.
1807 4676 1838 4724 e.
1853 4656 1919 4732 1.”)
1936 4653 1986 4721 61.
2007 4673 2041 4726 ro

267 4759 372 4825 einsd.
386 4761 430 4823 tit.
446 4758 662 4842 particulam,
688 4779 787 4846 quam
808 4761 850 4825 ud
866 4757 965 4824 elium
981 4762 1026 4828 tit.
1040 4781 1095 4827 re·
1165 4757 1270 4822 Gloss.
1292 4757 1335 4822 ad
1357 4776 1386 4823 e.
1409 4759 1495 4823 inter
1520 4757 1715 4826 dilectonti
1743 4757 1786 4824 X.
1801 4757 1842 4826 G.
1865 4758 1989 4825 deiide

265 4859 407 4928 ferenda
420 4877 500 4926 esse
512 4861 694 4928 videnumr.
727 4859 778 4927 64.
793 4871 859 4926 ιιο1.
875 4859 927 4926 l&
949 4863 991 4927 od
1006 4871 1091 4946 part.
1162 4859 1254 4926 inste
1273 4859 1306 4940 2,
1321 4859 1372 4924 14.
1386 4860 1421 4924 in
1435 4881 1466 4925 v.
1480 4858 1677 4928 indictionis.
1870 4871 1874 4882 ·

265 4961 300 5028 8.
313 4966 355 5030 111.
370 4963 402 5026 Β.
417 4971 450 5028 et
463 4972 530 5028 not.
545 4961 597 5028 98.
613 4964 656 5028 ad
673 4966 784 5026 Pauor.
798 4973 884 5046 part.
899 4962 929 5028 ti.
947 4965 991 5043 tit.
1008 4965 1041 5028 7.
1155 5009 1160 5018 ·
1204 4959 1242 5044 8)
1284 4966 1330 5026 de.
1345 4998 1387 5010 -
1402 4961 1443 5027 Β.
1458 4963 1541 5028 ntel'

308 5065 367 5147 44)
411 5069 499 5128 dicto.
512 5101 556 5113 —
569 5062 609 5129 B.
625 5064 700 5130 „rel
714 5065 883 5132 dieto.”--
896 5063 1009 5130 Paoiie
1024 5064 1093 5150 qni·
1205 5061 1242 5146 9)
1283 5070 1431 5146 produco.
1445 5062 1541 5130 -B.
1557 5063 1785 5148 „produeto.”.

267 5167 343 5233 dem
358 5165 541 5232 conieceris
557 5164 631 5232 „vel
648 5167 785 5246 sisinn
798 5166 940 5240 sednon
956 5173 1044 5250 apte.
1206 5164 1261 5248 10)
1304 5169 1450 5244 titinium.
1468 5201 1510 5214 -
1523 5164 1562 5230 Β.
1580 5165 1814 5253 „litigatores”
2007 5177 2040 5228 rs

308 5267 367 5354 45)
411 5266 485 5334 Vid.
499 5265 530 5332 b.
545 5277 630 5352 part
645 5267 738 5334 1118.
1205 5265 1269 5350 ll).
1304 5265 1573 5334 smannens
