4782 5960
384 591 449 659 338
573 687 575 694 J
971 583 1106 653 Gratiae
1121 586 1164 652 de
1178 584 1328 653 indiciae.
1344 585 1414 651 ord.
1444 585 1482 652 P.
1500 585 1530 651 1.

307 866 388 940 Tu.
593 811 597 820 Ι
950 855 1004 922 De
1032 859 1300 941 praesentatione
1328 858 1482 944 partium.
1503 859 1534 944 1)

491 983 672 1082 Erpeditis
713 980 836 1054 formis
871 979 999 1052 citandi
1031 990 1067 1051 et
1101 978 1214 1050 modis
1249 981 1531 1053 commissionum
1563 979 1717 1054 iudicum
1750 978 2014 1074 delegatorum,
2051 1005 2109 1051 re·

280 1145 281 1156 ,
391 1098 461 1159 stat
491 1087 625 1179 videre,
653 1084 804 1184 qualiter
829 1083 866 1152 in
891 1083 1042 1154 termino
1071 1086 1283 1177 peremtorio
1311 1095 1430 1180 partes
1457 1109 1496 1155 sc
1521 1080 1651 1156 debent
1673 1092 1909 1179 praesentare.

309 1188 388 1292 51.
494 1188 530 1288 5.
583 1187 906 1268 Advenientevero
931 1186 1080 1255 termino
1108 1195 1208 1254 actor
1229 1210 1309 1255 cum
1333 1184 1444 1255 literis
1470 1196 1506 1256 et
1533 1187 1766 1257 instrumento
1795 1185 1970 1258 citationis
1997 1185 2111 1282 primo
2201 1259 2207 1268 ,

360 1301 626 1465 epompareapp,t
659 1289 828 1459 Notarpup
859 1312 1004 1458 quoqpe
1030 1288 1356 1460 praepenpatitgpenp)
1379 1285 1660 1460 pctopistsltatlirn
1687 1284 1820 1359 scribat
1855 1285 2011 1462 ipnbpnc
2036 1311 2111 1358 mo·

394 1420 500 1591 „tt
527 1412 1444 1583 1....)111111131111....11
1475 1415 1871 1586 t.l.¹...?.⁰⁰t.i.‘.³.ii'3
1899 1416 1965 1590 il.
1986 1413 2111 1580 itt,

395 1623 531 1695 „quam
560 1595 669 1667 babet
693 1593 746 1664 vel
771 1591 902 1664 babere
928 1602 1048 1689 sperat
1074 1617 1152 1662 cum
1179 1594 1219 1664 C.
1242 1591 1286 1669 de
1318 1591 1380 1664 tali
1408 1592 1510 1685 loco,
1536 1591 1593 1666 ‹lie
1618 1593 1722 1666 lunae
1747 1606 1832 1691 post
1854 1603 2012 1667 octavam
2040 1594 2114 1692 epi·

393 1698 588 1796 „pbuuiae,
615 1703 652 1768 in
678 1695 766 1767 bora
794 1693 931 1766 tertia.”

345 1824 378 1875 ro
497 1802 594 1872 llaec
612 1801 726 1870 forma
744 1797 779 1895 ²)
795 1795 1039 1894 praesentandi
1053 1817 1193 1890 semper
1208 1791 1315 1866 debet
1329 1791 1524 1888 observari,
1544 1808 1615 1870 tam
1632 1796 1679 1870 ab
1696 1810 1815 1871 actore
1832 1820 1938 1895 ‹1⁰¹¹ss
1954 1822 2062 1890 areo,
2078 1799 2113 1868 in

394 1900 558 2003 quolibet
575 1902 737 1993 termino,
767 1913 802 1972 et
821 1925 938 1971 coram
954 1895 1117 1995 quolibet
1131 1897 1257 1989 iudice,
1279 1898 1354 1970 sive
1367 1899 1558 1990 ordinario,
1575 1901 1649 1972 sivc
1664 1900 1840 1994 delegato,
1862 1901 1938 1974 sive
1950 1898 2112 1972 subdele-

394 2018 492 2102 gato,
512 2005 585 2075 sive
599 2001 745 2074 arbitro.
793 2003 868 2074 Nec
883 2011 978 2072 caret
991 2000 1136 2071 ratione.
1185 1998 1331 2091 Quodsi
1350 1998 1382 2098 3)
1404 2001 1484 2072 tulis
1500 2005 1734 2097 praesentatio
1751 2029 1824 2075 non
1838 2001 2065 2094 scriberetur,
2084 2001 2114 2072 si

397 2131 479 2180 reus
507 2131 578 2176 uon
604 2105 740 2178 veniret
764 2105 800 2174 in
826 2103 883 2175 die
914 2102 1151 2200 peremtorio,
1195 2113 1231 2172 et
1263 2102 1370 2176 index
1398 2128 1476 2175 eum
1494 2097 1531 2207 ¹)
1563 2105 1598 2174 in
1633 2107 1798 2202 expensis
1831 2105 1996 2199 legitimis
2030 2128 2114 2177 con·

395 2209 594 2301 demnaret,
642 2208 673 2278 si
708 2217 833 2303 postea
859 2214 1060 2300 compareat
1092 2212 1128 2275 et
1153 2202 1284 2276 diceret
1311 2229 1349 2276 se
1375 2205 1504 2278 iniuste
1525 2204 1815 2300 condemnatum,
1855 2232 1921 2306 pro
1946 2232 1989 2280 co
2017 2204 2117 2304 quod

348 2324 496 2384 abactor
520 2310 579 2380 illa
606 2310 662 2382 die
690 2334 762 2380 uon
787 2308 980 2403 comparuit
1006 2331 1124 2377 coram
1150 2304 1349 2398 iudicibus,
1390 2318 1427 2378 et
1451 2307 1555 2378 iudici
1582 2333 1654 2380 non
1679 2308 1841 2382 credatur
1866 2321 1954 2401 etc,
1997 2309 2045 2380 X.
2071 2309 2114 2379 G.

395 2413 441 2486 de
467 2408 653 2508 probatff,
663 2407 721 2481 19.
748 2437 779 2483 c.
808 2405 1055 2507 quoniamll.
1082 2409 1118 2478 in
1142 2406 1241 2506 12⁵),
1284 2410 1314 2478 si
1340 2412 1578 2505 praesentatio
1604 2411 1736 2483 actoris
1771 2437 1841 2484 nou
1868 2411 2067 2484 inveniatur
2084 2407 2116 2500 11)

397 2515 561 2610 scripta,
591 2524 632 2585 ut
658 2512 890 2603 dictumest,
931 2511 1103 2581 sententia
1129 2509 1201 2582 lata
1230 2522 1352 2584 contra
1378 2536 1478 2584 reum
1505 2510 1611 2586 debet
1639 2513 1820 2586 retractari
1847 2524 1883 2585 et
1907 2537 2012 2585 omne
2038 2535 2118 2606 gru·

397 2613 521 2688 vamen
538 2616 723 2706 removeri,
751 2613 909 2711 alioquin
936 2611 1146 2710 appelletur.
1169 2613 1216 2684 X.
1243 2614 1286 2686 G.
1312 2613 1357 2684 de
1384 2613 1516 2712 appell.
1531 2609 1569 2707 Β,
1585 2610 1646 2687 28.
1672 2641 1702 2688 c.
1722 2627 1763 2688 ut
1788 2613 1939 2689 debitus.
1952 2611 2014 2686 59.
2032 2624 2068 2686 et
2085 2638 2115 2684 c.

399 2745 475 2791 cum
495 2728 667 2789 cessante.
683 2714 747 2788 60.
766 2715 798 2813 7)
1210 2734 1213 2740 ’

348 2844 382 2896 20
446 2803 449 2815 ’
501 2819 572 2892 Sed
602 2818 699 2917 qnod
726 2819 858 2893 dictum
886 2827 940 2888 est
964 2839 1073 2913 supra
1098 2815 1143 2888 de
1168 2827 1263 2888 certa
1288 2815 1377 2888 bora
1401 2815 1492 2910 diei,
1521 2815 1810 2916 numquiddebet
1831 2817 1938 2890 scribi
1953 2818 1989 2888 in
2008 2815 2117 2890 actisl

398 2924 445 2994 Et
472 2922 552 2993 dico
580 2933 694 3014 certe,
733 2920 827 3019 qnod
854 2921 926 3010 sic,
958 2931 999 2989 ut
1026 2919 1175 3012 sciatur,
1216 2944 1261 2989 cx
1287 2944 1357 3016 quo
1384 2931 1545 3017 tempore
1571 2935 1607 2993 ct
1633 2946 1678 2992 ex
1706 2945 1773 3019 qun
1799 2919 1886 2993 bora
1910 2921 2030 3017 incipit
2056 2918 2118 2990 ad·

399 3026 591 3096 versarium
617 3036 834 3121 exspectare.
861 3047 935 3111 arg.
963 3022 1008 3092 X.
1039 3021 1081 3093 G.
1108 3019 1261 3092 dedolo
1289 3031 1325 3094 et
1350 3018 1554 3116 contum,
1571 3020 1631 3095 11.
1657 3049 1687 3096 c.
1715 3049 1794 3095 cum
1820 3022 1949 3096 dilecti.
1963 3021 2002 3094 li.
2031 3017 2118 3126 (sub

400 3116 445 3231 l'.)
465 3127 498 3226 8)
527 3137 562 3198 et
588 3125 632 3197 dc
655 3137 832 3223 procurat.
850 3120 884 3215 l,
901 3118 964 3194 58.
991 3148 1021 3194 c.
1049 3122 1188 3193 auditis.
1201 3119 1237 3191 8.
1257 3112 1292 3225 9)

499 3227 640 3324 Scripta
673 3229 780 3321 igitur
814 3225 1140 3323 repraesentatione
1172 3228 1324 3319 actoris,
1360 3226 1437 3323 ipse
1461 3238 1561 3300 actor
1586 3251 1726 3323 semper
1754 3239 1931 3299 remaneat
1960 3227 2118 3298 intentos

349 3347 382 3399 ²5
400 3331 492 3403 circa
516 3329 683 3422 iudicem,
710 3327 933 3401 sollicitando
961 3327 1077 3424 ipsum
1103 3325 1148 3400 de
1174 3329 1314 3420 negotio
1342 3328 1434 3426 ipso.
1844 3353 1849 3365 ·

261 3425 267 3438 '
319 3423 353 3524 5
362 3421 415 3496 Β.Δ
501 3430 536 3529 5.
586 3432 691 3504 lllcto
717 3432 822 3521 de¹⁰)
849 3431 1166 3526 repraesentatione
1189 3430 1339 3522 actoris,
1369 3441 1404 3502 et
1429 3429 1473 3502 ‹le
1499 3432 1782 3528 praesentatione
1809 3432 1861 3502 rei
1887 3429 2043 3503 breviter
2072 3433 2118 3502 si·

282 3607 288 3631 ,
402 3534 530 3606 militer
555 3538 821 3629 pertractemus.
873 3533 920 3604 Et
945 3543 1041 3604 certe
1067 3543 1148 3603 ante
1175 3533 1290 3604 omnia
1318 3532 1490 3606 admoneo
1516 3560 1626 3625 rcum,
1655 3544 1694 3605 ut
1721 3559 1791 3606 nou
1818 3535 1866 3605 sit
1888 3533 2035 3606 dolosus
2062 3532 2119 3604 vel

401 3635 669 3728 subterfugiens
703 3647 762 3706 aut
795 3633 1013 3730 versipellis,
1057 3659 1101 3705 ex
1131 3658 1193 3726 eo,
1236 3633 1334 3731 quod
1365 3648 1487 3708 contra
1521 3634 1609 3707 tales
1644 3637 1757 3706 omnia
1793 3637 1867 3707 iura
1899 3634 2051 3707 clament
2083 3645 2120 3708 ct

402 3748 641 3836 praesumunt.
668 3747 708 3807 ut
733 3737 779 3807 X.
806 3737 848 3808 G.
872 3736 916 3806 de
942 3761 1049 3806 rescr.
1067 3731 1155 3827 1,5.
1182 3762 1211 3808 c.
1235 3746 1440 3808 ex'tenore.
1457 3734 1516 3808 16.
1543 3737 1595 3834 (in
1613 3735 1656 3834 f.)
1679 3748 1718 3808 'et
1743 3736 1787 3809 de
1812 3732 2121 3834 praesumt.2,25.

354 3865 432 3919 soc.
469 3835 652 3911 nullusd.
687 3849 722 3910 et
754 3838 797 3910 de
829 3835 948 3909 testib.
962 3832 1000 3926 Β,
1017 3834 1078 3907 20.
1111 3861 1141 3908 c.
1174 3839 1384 3912 constitutis.
1400 3835 1461 3909 45.
1499 3829 1612 3943 (inf.)
1632 3837 1679 3936 ¹¹)
1712 3863 1785 3932 arg.
1819 3836 1933 3911 (1.11.
1968 3865 2003 3937 q.
2018 3835 2053 3910 1.
2087 3865 2118 3910 c.

403 3940 622 4013 Christianis.
639 3937 696 4011 ld.
714 3934 769 4045 (in
787 3932 831 4040 f.)
851 3940 888 4010 C.
906 3936 944 4009 5.
965 3964 997 4034 q.
1017 3935 1054 4007 9.
1070 3963 1100 4008 c.
1113 3938 1343 4010 deceruimus.
1362 3937 1422 4010 lll.
1474 3941 1520 4012 Et
1547 3939 1627 4013 ideo
1654 3943 1690 4011 in
1717 3942 1932 4038 peremtorio
1959 3939 2051 4013 baud
2066 3935 2118 4034 ¹²)

404 4043 442 4112 in
483 4067 647 4140 suprema
682 4041 769 4113 bora
806 4041 876 4112 diei
919 4053 980 4111 aut
1022 4039 1076 4110 die
1118 4043 1282 4139 sequenti
1322 4067 1459 4114 summo
1501 4067 1601 4115 manc
1650 4068 1690 4115 se
1721 4052 1980 4140 repraesentet,
2020 4055 2060 4116 ut
2077 4043 2125 4134 ¹³)

449 4275 484 4379 ⁵1)
528 4290 581 4359 Cl'.
598 4296 643 4355 Io.
660 4293 759 4354 Andr.
778 4299 822 4355 nd
834 4296 876 4356 D.
893 4315 939 4374 sp.
962 4293 1004 4358 ad
1023 4291 1080 4360 lib.
1095 4301 1127 4360 2.
1150 4312 1183 4376 p.
1202 4293 1231 4359 l.
1342 4292 1380 4376 6)
1423 4301 1537 4358 actoris
1550 4317 1614 4360 nort
1627 4303 1690 4359 ira.
1705 4330 1748 4344 -
1762 4295 1802 4363 B.
1818 4308 1932 4363 „actor
1945 4297 2031 4362 inv.”

405 4398 439 4460 in
453 4395 543 4460 rubr.
560 4395 601 4459 de
617 4393 854 4476 compuritione
871 4395 1068 4461 intermino.
1343 4395 1382 4475 7)
1426 4395 1536 4462 lnuoc.
1553 4396 1585 4462 3.
1612 4397 1695 4483 Arg.
1715 4417 1758 4462 ex
1777 4399 2007 4483 generalibus,
2038 4419 2124 4485 qnae

448 4496 487 4571 Β)
532 4499 734 4558 attalanae..
753 4500 886 4579 foranu.
906 4495 999 4562 -Β,
1017 4496 1232 4564 „sidielnne
1301 4495 1402 4562 iubis
1425 4519 1453 4562 c.
1473 4500 1664 4585 pmpositae
1683 4508 1777 4583 sunt,
1806 4501 1930 4587 regulis
1945 4503 2123 4586 petendum

409 4607 506 4682 »post
520 4598 657 4662 octabas
673 4595 860 4682 epyphanie
876 4598 970 4684 quasi
993 4599 1026 4664 in
1040 4597 1124 4665 hora
1137 4602 1233 4665 tertia
1301 4611 1353 4664 est

376 4713 392 4763 5
411 4699 520 4787 „lr’ant
533 4696 682 4764 sormam.
698 4697 836 4764 forma.”
852 4699 1045 4780 Quaeritur,¹
1056 4720 1134 4764 num
1148 4698 1232 4766 baec
1344 4699 1382 4782 8)
1425 4701 1534 4769 lnnoc.
1550 4700 1582 4768 3.
1619 4763 1623 4770 .

405 4802 509 4868 verba
543 4797 704 4866 „babeant
736 4798 896 4867 formam''
933 4814 976 4866 ex
1006 4801 1262 4884 inscriptione„
1344 4800 1382 4887 9)
1423 4805 1547 4870 Honor.
1556 4802 1586 4870 3.
1605 4803 1658 4871 Cl'.
1678 4805 1781 4871 Gloss.
1796 4807 1830 4872 in
1844 4829 1876 4874 v.
1892 4819 2128 4892 pervenerunt.

407 4903 483 4968 olim
498 4905 531 4968 iu
542 4921 647 4988 marg.
659 4904 823 4988 apposita,
838 4904 871 4968 in
885 4914 1072 4970 contextum
1087 4903 1243 4989 irrepse·¹
1346 4905 1403 4989 111)
1446 4911 1537 4972 Dicto
1551 4911 1599 4972 de.
1617 4945 1658 4956 -
1672 4907 1711 4974 B.
1727 4908 1861 4976 „Dico”

409 5006 480 5070 rint.
1346 5007 1406 5089 ll)
1450 5013 1607 5074 eandm.
1627 5008 1779 5076 Bonilac.
1805 5049 1845 5060 -
1873 5035 1899 5076 c.
1913 5033 1957 5077 ea:
1976 5023 2088 5079 ancre.
2103 5035 2128 5076 a.

451 5106 488 5189 3)
532 5113 569 5170 ai.
583 5105 622 5172 Β.
640 5126 704 5171 om.
1301 5117 1486 5174 constitutis.
1500 5111 1612 5178 lunoc.
1627 5109 1660 5178 3.

363 5220 397 5273 1⁰
456 5209 493 5292 4)
535 5231 615 5272 eum.
632 5208 672 5275 B.
689 5229 753 5274 om.
1343 5211 1401 5294 12)
1444 5215 1541 5278 houd.
1558 5249 1599 5260 -
1615 5211 1654 5278 B.
1672 5217 1781 5283 „aut”

433 5309 489 5388 bt
532 5309 644 5376 lunoc.
660 5310 691 5377 3.
1343 5313 1401 5397 13)
1445 5323 1487 5380 ut.
1505 5314 1601 5381 —B.
1617 5333 1681 5384 om.
