<?xml version="1.0" encoding="UTF-8"?>
<!DOCTYPE html PUBLIC "-//W3C//DTD XHTML 1.0 Transitional//EN"
    "http://www.w3.org/TR/xhtml1/DTD/xhtml1-transitional.dtd">
<html xmlns="http://www.w3.org/1999/xhtml" xml:lang="en" lang="en">
 <head>
  <title>
</title>
<meta http-equiv="Content-Type" content="text/html;charset=utf-8" />
  <meta name='ocr-system' content='tesseract 3.04.00' />
  <meta name='ocr-capabilities' content='ocr_page ocr_carea ocr_par ocr_line ocrx_word'/>
</head>
<body>
  <div class='ocr_page' id='page_1' title='image "./piliitancredigr00aretgoog_0044.png"; bbox 0 0 4810 5962; ppageno 0'>
   <div class='ocr_carea' id='block_1_1' title="bbox 566 573 2005 664">
    <p class='ocr_par' dir='ltr' id='par_1_1' title="bbox 566 573 2005 664">
     <span class='ocr_line' id='line_1_1' title="bbox 566 573 2005 664; baseline 0.001 -22"><span class='ocrx_word' id='word_1_1' title='bbox 566 576 636 661; x_wconf 88' lang='lat' dir='ltr'><strong>(De</strong></span> <span class='ocrx_word' id='word_1_2' title='bbox 651 575 813 664; x_wconf 78' lang='lat' dir='ltr'>eligendis</span> <span class='ocrx_word' id='word_1_3' title='bbox 828 574 1019 644; x_wconf 78' lang='lat' dir='ltr'><strong>codonium.</strong></span> <span class='ocrx_word' id='word_1_4' title='bbox 1051 573 1121 661; x_wconf 81' lang='lat' dir='ltr'><strong>§.a</strong></span> <span class='ocrx_word' id='word_1_5' title='bbox 1163 574 1216 642; x_wconf 87' lang='lat' dir='ltr'><strong>De</strong></span> <span class='ocrx_word' id='word_1_6' title='bbox 1231 575 1394 644; x_wconf 73' lang='lat' dir='ltr'><strong>mutandis</strong></span> <span class='ocrx_word' id='word_1_7' title='bbox 1410 575 1601 642; x_wconf 83' lang='lat' dir='ltr'><strong>actionibus.</strong></span> <span class='ocrx_word' id='word_1_8' title='bbox 1631 574 1662 663; x_wconf 88' lang='lat'><strong>§.</strong></span> <span class='ocrx_word' id='word_1_9' title='bbox 1671 577 1716 661; x_wconf 85' lang='grc'><strong>7.)</strong></span> <span class='ocrx_word' id='word_1_10' title='bbox 1963 581 2005 647; x_wconf 86' lang='lat'><strong>17</strong></span> 
     </span>
    </p>
   </div>
   <div class='ocr_carea' id='block_1_2' title="bbox 280 764 2003 968">
    <p class='ocr_par' dir='ltr' id='par_1_2' title="bbox 280 764 2003 968">
     <span class='ocr_line' id='line_1_2' title="bbox 280 764 2003 869; baseline 0 -25"><span class='ocrx_word' id='word_1_11' title='bbox 280 773 364 864; x_wconf 83' lang='lat' dir='ltr'><strong>scit,</strong></span> <span class='ocrx_word' id='word_1_12' title='bbox 392 793 481 869; x_wconf 82' lang='lat' dir='ltr'><strong>quae</strong></span> <span class='ocrx_word' id='word_1_13' title='bbox 506 766 576 841; x_wconf 81' lang='lat' dir='ltr'><strong>eibi</strong></span> <span class='ocrx_word' id='word_1_14' title='bbox 600 770 789 868; x_wconf 87' lang='lat' dir='ltr'><strong>competit,</strong></span> <span class='ocrx_word' id='word_1_15' title='bbox 816 794 888 868; x_wconf 86' lang='lat' dir='ltr'><strong>quo</strong></span> <span class='ocrx_word' id='word_1_16' title='bbox 914 769 951 840; x_wconf 92' lang='lat' dir='ltr'><strong>iu</strong></span> <span class='ocrx_word' id='word_1_17' title='bbox 973 791 1058 840; x_wconf 82' lang='lat' dir='ltr'><strong>casn</strong></span> <span class='ocrx_word' id='word_1_18' title='bbox 1082 764 1191 840; x_wconf 89' lang='lat' dir='ltr'><strong>debet</strong></span> <span class='ocrx_word' id='word_1_19' title='bbox 1218 766 1365 862; x_wconf 76' lang='lat' dir='ltr'><strong>eligere,</strong></span> <span class='ocrx_word' id='word_1_20' title='bbox 1392 768 1423 842; x_wconf 85' lang='lat' dir='ltr'><strong>ai</strong></span> <span class='ocrx_word' id='word_1_21' title='bbox 1448 777 1566 840; x_wconf 90' lang='lat' dir='ltr'><strong>autem</strong></span> <span class='ocrx_word' id='word_1_22' title='bbox 1591 779 1646 842; x_wconf 82' lang='lat' dir='ltr'><strong>eat</strong></span> <span class='ocrx_word' id='word_1_23' title='bbox 1672 769 1827 842; x_wconf 75' lang='lat' dir='ltr'><strong>incertus</strong></span> <span class='ocrx_word' id='word_1_24' title='bbox 1853 779 2003 869; x_wconf 88' lang='lat' dir='ltr'><strong>propter</strong></span> 
     </span>
     <span class='ocr_line' id='line_1_3' title="bbox 280 868 2000 968; baseline 0 -22"><span class='ocrx_word' id='word_1_25' title='bbox 280 875 409 946; x_wconf 78' lang='lat' dir='ltr'><strong>lactum</strong></span> <span class='ocrx_word' id='word_1_26' title='bbox 452 871 664 962; x_wconf 84' lang='lat' dir='ltr'><strong>adveraarii,</strong></span> <span class='ocrx_word' id='word_1_27' title='bbox 703 869 819 944; x_wconf 82' lang='lat' dir='ltr'><strong>adluuc</strong></span> <span class='ocrx_word' id='word_1_28' title='bbox 858 887 929 943; x_wconf 82' lang='lat' dir='ltr'><strong>uota</strong></span> <span class='ocrx_word' id='word_1_29' title='bbox 965 881 1019 942; x_wconf 88' lang='lat' dir='ltr'><strong>eat</strong></span> <span class='ocrx_word' id='word_1_30' title='bbox 1053 868 1234 963; x_wconf 75' lang='lat' dir='ltr'><strong>cogendus</strong></span> <span class='ocrx_word' id='word_1_31' title='bbox 1260 869 1411 964; x_wconf 73' lang='lat' dir='ltr'><strong>eligere,</strong></span> <span class='ocrx_word' id='word_1_32' title='bbox 1442 881 1481 942; x_wconf 89' lang='lat' dir='ltr'><strong>ut</strong></span> <span class='ocrx_word' id='word_1_33' title='bbox 1506 871 1587 962; x_wconf 67' lang='lat' dir='ltr'><strong>uig.</strong></span> <span class='ocrx_word' id='word_1_34' title='bbox 1618 897 1717 968; x_wconf 88' lang='lat' dir='ltr'><strong>quor.</strong></span> <span class='ocrx_word' id='word_1_35' title='bbox 1745 872 1852 966; x_wconf 79' lang='lat' dir='ltr'><strong>legat.</strong></span> <span class='ocrx_word' id='word_1_36' title='bbox 1872 871 1937 966; x_wconf 75' lang='lat' dir='ltr'><strong>lo,</strong></span> <span class='ocrx_word' id='word_1_37' title='bbox 1962 872 2000 946; x_wconf 83' lang='lat'><strong>5.</strong></span> 
     </span>
    </p>
   </div>
   <div class='ocr_carea' id='block_1_3' title="bbox 124 969 1999 1072">
    <p class='ocr_par' dir='ltr' id='par_1_3' title="bbox 124 969 1999 1072">
     <span class='ocr_line' id='line_1_4' title="bbox 124 969 1999 1072; baseline 0.002 -28"><span class='ocrx_word' id='word_1_38' title='bbox 124 1038 128 1044; x_wconf 91' lang='lat'><strong>.</strong></span> <span class='ocrx_word' id='word_1_39' title='bbox 279 976 303 1047; x_wconf 94' lang='lat' dir='ltr'><strong>l.</strong></span> <span class='ocrx_word' id='word_1_40' title='bbox 322 973 357 1047; x_wconf 93' lang='grc' dir='ltr'><strong>Ι.</strong></span> <span class='ocrx_word' id='word_1_41' title='bbox 384 972 435 1072; x_wconf 64' lang='grc' dir='ltr'><strong>(ἓ.</strong></span> <span class='ocrx_word' id='word_1_42' title='bbox 453 972 508 1066; x_wconf 93' lang='grc'><strong>4.)</strong></span> <span class='ocrx_word' id='word_1_43' title='bbox 527 977 558 1062; x_wconf 84' lang='lat'><strong>⁷)</strong></span> <span class='ocrx_word' id='word_1_44' title='bbox 584 973 653 1045; x_wconf 80' lang='lat' dir='ltr'><strong>uisi</strong></span> <span class='ocrx_word' id='word_1_45' title='bbox 680 973 773 1046; x_wconf 81' lang='lat' dir='ltr'><strong>forte</strong></span> <span class='ocrx_word' id='word_1_46' title='bbox 790 974 821 1065; x_wconf 83' lang='grc'><strong>8)</strong></span> <span class='ocrx_word' id='word_1_47' title='bbox 855 974 893 1044; x_wconf 91' lang='lat' dir='ltr'><strong>in</strong></span> <span class='ocrx_word' id='word_1_48' title='bbox 926 969 1080 1046; x_wconf 76' lang='lat' dir='ltr'><strong>casibus.</strong></span> <span class='ocrx_word' id='word_1_49' title='bbox 1116 982 1155 1043; x_wconf 90' lang='lat' dir='ltr'><strong>ut</strong></span> <span class='ocrx_word' id='word_1_50' title='bbox 1183 971 1271 1044; x_wconf 85' lang='lat' dir='ltr'><strong>Cod.</strong></span> <span class='ocrx_word' id='word_1_51' title='bbox 1305 972 1350 1044; x_wconf 89' lang='lat' dir='ltr'><strong>de</strong></span> <span class='ocrx_word' id='word_1_52' title='bbox 1384 970 1535 1044; x_wconf 89' lang='lat' dir='ltr'><strong>codicill.</strong></span> <span class='ocrx_word' id='word_1_53' title='bbox 1552 969 1592 1064; x_wconf 86' lang='lat' dir='ltr'><strong>o,</strong></span> <span class='ocrx_word' id='word_1_54' title='bbox 1618 970 1680 1046; x_wconf 82' lang='lat'><strong>56.</strong></span> <span class='ocrx_word' id='word_1_55' title='bbox 1716 974 1740 1046; x_wconf 88' lang='grc' dir='ltr'><strong>Ι.</strong></span> <span class='ocrx_word' id='word_1_56' title='bbox 1768 975 1833 1046; x_wconf 91' lang='lat' dir='ltr'><strong>ult.</strong></span> <span class='ocrx_word' id='word_1_57' title='bbox 1859 985 1895 1047; x_wconf 86' lang='lat' dir='ltr'><strong>et</strong></span> <span class='ocrx_word' id='word_1_58' title='bbox 1920 978 1999 1070; x_wconf 76' lang='lat' dir='ltr'><strong>[lig.</strong></span> 
     </span>
    </p>
   </div>
   <div class='ocr_carea' id='block_1_4' title="bbox 195 1071 2079 3214">
    <p class='ocr_par' dir='ltr' id='par_1_4' title="bbox 279 1071 2034 1378">
     <span class='ocr_line' id='line_1_5' title="bbox 279 1071 2001 1173; baseline 0.001 -25"><span class='ocrx_word' id='word_1_59' title='bbox 279 1078 323 1149; x_wconf 86' lang='lat' dir='ltr'><strong>dc</strong></span> <span class='ocrx_word' id='word_1_60' title='bbox 359 1075 484 1148; x_wconf 91' lang='lat' dir='ltr'><strong>tribut.</strong></span> <span class='ocrx_word' id='word_1_61' title='bbox 505 1073 574 1168; x_wconf 86' lang='grc' dir='ltr'><strong>Ι4,</strong></span> <span class='ocrx_word' id='word_1_62' title='bbox 602 1073 639 1146; x_wconf 92' lang='grc'><strong>4.</strong></span> <span class='ocrx_word' id='word_1_63' title='bbox 673 1074 697 1146; x_wconf 93' lang='grc' dir='ltr'><strong>Ι.</strong></span> <span class='ocrx_word' id='word_1_64' title='bbox 727 1075 823 1172; x_wconf 90' lang='lat' dir='ltr'><strong>quod</strong></span> <span class='ocrx_word' id='word_1_65' title='bbox 864 1075 901 1146; x_wconf 90' lang='lat' dir='ltr'><strong>iu</strong></span> <span class='ocrx_word' id='word_1_66' title='bbox 927 1071 1102 1146; x_wconf 87' lang='lat' dir='ltr'><strong>heredem.</strong></span> <span class='ocrx_word' id='word_1_67' title='bbox 1117 1071 1154 1146; x_wconf 97' lang='grc'><strong>9.</strong></span> <span class='ocrx_word' id='word_1_68' title='bbox 1183 1072 1220 1173; x_wconf 63' lang='lat' dir='ltr'>g</span> <span class='ocrx_word' id='word_1_69' title='bbox 1247 1073 1387 1168; x_wconf 77' lang='lat' dir='ltr'><strong>eligere.</strong></span> <span class='ocrx_word' id='word_1_70' title='bbox 1408 1071 1442 1144; x_wconf 91' lang='grc' dir='ltr'><strong>Ι.</strong></span> <span class='ocrx_word' id='word_1_71' title='bbox 1495 1076 1630 1146; x_wconf 88' lang='lat' dir='ltr'><strong>Verum</strong></span> <span class='ocrx_word' id='word_1_72' title='bbox 1671 1101 1716 1148; x_wconf 84' lang='lat' dir='ltr'><strong>ex</strong></span> <span class='ocrx_word' id='word_1_73' title='bbox 1748 1079 2001 1152; x_wconf 72' lang='lat' dir='ltr'><strong>cousuetudine</strong></span> 
     </span>
     <span class='ocr_line' id='line_1_6' title="bbox 279 1173 2034 1278; baseline 0.003 -30"><span class='ocrx_word' id='word_1_74' title='bbox 279 1178 435 1272; x_wconf 70' lang='lat' dir='ltr'><strong>generali</strong></span> <span class='ocrx_word' id='word_1_75' title='bbox 465 1177 561 1250; x_wconf 78' lang='lat' dir='ltr'><strong>istud</strong></span> <span class='ocrx_word' id='word_1_76' title='bbox 591 1175 696 1249; x_wconf 78' lang='lat' dir='ltr'><strong>laodic</strong></span> <span class='ocrx_word' id='word_1_77' title='bbox 732 1179 808 1250; x_wconf 86' lang='lat' dir='ltr'><strong>l&#39;ere</strong></span> <span class='ocrx_word' id='word_1_78' title='bbox 839 1178 932 1250; x_wconf 88' lang='lat' dir='ltr'><strong>inter</strong></span> <span class='ocrx_word' id='word_1_79' title='bbox 965 1201 1086 1248; x_wconf 79' lang='lat' dir='ltr'><strong>omnes</strong></span> <span class='ocrx_word' id='word_1_80' title='bbox 1119 1175 1253 1249; x_wconf 76' lang='lat' dir='ltr'><strong>iudicer</strong></span> <span class='ocrx_word' id='word_1_81' title='bbox 1286 1173 1515 1267; x_wconf 79' lang='lat' dir='ltr'><strong>observetur,</strong></span> <span class='ocrx_word' id='word_1_82' title='bbox 1557 1177 1656 1273; x_wconf 89' lang='lat' dir='ltr'><strong>quod</strong></span> <span class='ocrx_word' id='word_1_83' title='bbox 1683 1203 1757 1250; x_wconf 90' lang='lat' dir='ltr'><strong>non</strong></span> <span class='ocrx_word' id='word_1_84' title='bbox 1784 1180 2034 1278; x_wconf 76' lang='lat' dir='ltr'><strong>compellunte</strong></span> 
     </span>
     <span class='ocr_line' id='line_1_7' title="bbox 279 1277 2000 1378; baseline 0.003 -28"><span class='ocrx_word' id='word_1_85' title='bbox 279 1291 436 1353; x_wconf 82' lang='lat' dir='ltr'><strong>actorem</strong></span> <span class='ocrx_word' id='word_1_86' title='bbox 461 1278 505 1349; x_wconf 86' lang='lat' dir='ltr'><strong>ad</strong></span> <span class='ocrx_word' id='word_1_87' title='bbox 531 1279 731 1374; x_wconf 78' lang='lat' dir='ltr'><strong>eligendum</strong></span> <span class='ocrx_word' id='word_1_88' title='bbox 751 1277 805 1378; x_wconf 82' lang='grc'><strong>9),</strong></span> <span class='ocrx_word' id='word_1_89' title='bbox 846 1291 883 1352; x_wconf 89' lang='lat' dir='ltr'><strong>et</strong></span> <span class='ocrx_word' id='word_1_90' title='bbox 915 1278 1103 1350; x_wconf 86' lang='lat' dir='ltr'><strong>admittunt</strong></span> <span class='ocrx_word' id='word_1_91' title='bbox 1136 1277 1259 1374; x_wconf 79' lang='lat' dir='ltr'><strong>plur-ea</strong></span> <span class='ocrx_word' id='word_1_92' title='bbox 1294 1279 1451 1350; x_wconf 78' lang='lat' dir='ltr'><strong>actiones</strong></span> <span class='ocrx_word' id='word_1_93' title='bbox 1483 1282 1689 1374; x_wconf 83' lang='lat' dir='ltr'><strong>propositae</strong></span> <span class='ocrx_word' id='word_1_94' title='bbox 1712 1281 1874 1374; x_wconf 72' lang='lat' dir='ltr'><strong>insimul,</strong></span> <span class='ocrx_word' id='word_1_95' title='bbox 1917 1283 2000 1355; x_wconf 84' lang='lat' dir='ltr'><strong>dum</strong></span> 
     </span>
    </p>

    <p class='ocr_par' dir='ltr' id='par_1_5' title="bbox 195 1378 2052 1988">
     <span class='ocr_line' id='line_1_8' title="bbox 195 1378 1999 1482; baseline 0.001 -28"><span class='ocrx_word' id='word_1_96' title='bbox 195 1391 204 1402; x_wconf 86' lang='lat'><em>&#39;</em></span> <span class='ocrx_word' id='word_1_97' title='bbox 260 1395 397 1464; x_wconf 68' lang='lat' dir='ltr'><strong>‚umen</strong></span> <span class='ocrx_word' id='word_1_98' title='bbox 418 1405 489 1453; x_wconf 92' lang='lat' dir='ltr'><strong>non</strong></span> <span class='ocrx_word' id='word_1_99' title='bbox 515 1382 723 1474; x_wconf 77' lang='lat' dir='ltr'><strong>contrariae,</strong></span> <span class='ocrx_word' id='word_1_100' title='bbox 751 1381 795 1454; x_wconf 89' lang='lat' dir='ltr'><strong>de</strong></span> <span class='ocrx_word' id='word_1_101' title='bbox 822 1380 944 1454; x_wconf 88' lang='lat' dir='ltr'><strong>eodem</strong></span> <span class='ocrx_word' id='word_1_102' title='bbox 972 1379 1068 1453; x_wconf 79' lang='lat' dir='ltr'><strong>iacto</strong></span> <span class='ocrx_word' id='word_1_103' title='bbox 1098 1391 1134 1452; x_wconf 91' lang='lat' dir='ltr'><strong>et</strong></span> <span class='ocrx_word' id='word_1_104' title='bbox 1159 1381 1314 1473; x_wconf 77' lang='lat' dir='ltr'><strong>negotio,</strong></span> <span class='ocrx_word' id='word_1_105' title='bbox 1343 1391 1470 1452; x_wconf 89' lang='lat' dir='ltr'><strong>etcum</strong></span> <span class='ocrx_word' id='word_1_106' title='bbox 1489 1378 1555 1452; x_wconf 88' lang='lat' dir='ltr'><strong>hue</strong></span> <span class='ocrx_word' id='word_1_107' title='bbox 1569 1379 1762 1454; x_wconf 87' lang='lat' dir='ltr'><strong>adiectione</strong></span> <span class='ocrx_word' id='word_1_108' title='bbox 1778 1384 1922 1481; x_wconf 87' lang='lat' dir='ltr'><strong>quidam</strong></span> <span class='ocrx_word' id='word_1_109' title='bbox 1937 1384 1999 1482; x_wconf 83' lang='lat'><strong>¹⁰),</strong></span> 
     </span>
     <span class='ocr_line' id='line_1_9' title="bbox 279 1481 2000 1580; baseline 0.001 -24"><span class='ocrx_word' id='word_1_110' title='bbox 279 1484 414 1556; x_wconf 79' lang='lat' dir='ltr'><strong>scilieet</strong></span> <span class='ocrx_word' id='word_1_111' title='bbox 446 1508 635 1580; x_wconf 78' lang='lat' dir='ltr'><strong>„propono</strong></span> <span class='ocrx_word' id='word_1_112' title='bbox 678 1509 781 1556; x_wconf 88' lang='lat' dir='ltr'><strong>omne</strong></span> <span class='ocrx_word' id='word_1_113' title='bbox 818 1484 872 1554; x_wconf 80' lang='lat' dir='ltr'><strong>iun</strong></span> <span class='ocrx_word' id='word_1_114' title='bbox 913 1493 1116 1580; x_wconf 74' lang='lat' dir='ltr'><strong>competens</strong></span> <span class='ocrx_word' id='word_1_115' title='bbox 1148 1481 1256 1554; x_wconf 75' lang='lat' dir='ltr'><strong>nilui”</strong></span> <span class='ocrx_word' id='word_1_116' title='bbox 1289 1481 1348 1554; x_wconf 81' lang='lat' dir='ltr'><strong>vel</strong></span> <span class='ocrx_word' id='word_1_117' title='bbox 1379 1483 1427 1554; x_wconf 83' lang='lat' dir='ltr'><strong>ita</strong></span> <span class='ocrx_word' id='word_1_118' title='bbox 1466 1492 1530 1574; x_wconf 85' lang='lat' dir='ltr'><strong>„et</strong></span> <span class='ocrx_word' id='word_1_119' title='bbox 1570 1483 1602 1553; x_wconf 84' lang='lat' dir='ltr'><strong>si</strong></span> <span class='ocrx_word' id='word_1_120' title='bbox 1641 1482 1729 1580; x_wconf 84' lang='lat' dir='ltr'><strong>quid</strong></span> <span class='ocrx_word' id='word_1_121' title='bbox 1765 1483 1901 1559; x_wconf 82' lang='lat' dir='ltr'><strong>deeot.”</strong></span> <span class='ocrx_word' id='word_1_122' title='bbox 1953 1489 2000 1558; x_wconf 84' lang='lat' dir='ltr'><strong>Et</strong></span> 
     </span>
     <span class='ocr_line' id='line_1_10' title="bbox 279 1579 1998 1683; baseline 0.002 -27"><span class='ocrx_word' id='word_1_123' title='bbox 279 1595 364 1656; x_wconf 83' lang='lat' dir='ltr'><strong>eunt</strong></span> <span class='ocrx_word' id='word_1_124' title='bbox 387 1583 547 1683; x_wconf 89' lang='lat' dir='ltr'><strong>quidum,</strong></span> <span class='ocrx_word' id='word_1_125' title='bbox 575 1586 637 1682; x_wconf 88' lang='lat' dir='ltr'><strong>qui</strong></span> <span class='ocrx_word' id='word_1_126' title='bbox 661 1586 711 1656; x_wconf 83' lang='lat' dir='ltr'><strong>ita</strong></span> <span class='ocrx_word' id='word_1_127' title='bbox 736 1584 943 1682; x_wconf 78' lang='lat' dir='ltr'><strong>simpliciter</strong></span> <span class='ocrx_word' id='word_1_128' title='bbox 966 1583 1158 1658; x_wconf 88' lang='lat' dir='ltr'><strong>admittunt</strong></span> <span class='ocrx_word' id='word_1_129' title='bbox 1183 1582 1293 1657; x_wconf 86' lang='lat' dir='ltr'><strong>verba</strong></span> <span class='ocrx_word' id='word_1_130' title='bbox 1319 1584 1448 1656; x_wconf 78' lang='lat' dir='ltr'><strong>actoris</strong></span> <span class='ocrx_word' id='word_1_131' title='bbox 1476 1585 1569 1656; x_wconf 89' lang='lat' dir='ltr'><strong>circa</strong></span> <span class='ocrx_word' id='word_1_132' title='bbox 1595 1579 1784 1658; x_wconf 78' lang='lat' dir='ltr'><strong>editionem</strong></span> <span class='ocrx_word' id='word_1_133' title='bbox 1809 1590 1998 1682; x_wconf 85' lang='lat' dir='ltr'><strong>actionum,</strong></span> 
     </span>
     <span class='ocr_line' id='line_1_11' title="bbox 278 1685 2052 1784; baseline 0.002 -24"><span class='ocrx_word' id='word_1_134' title='bbox 278 1687 409 1760; x_wconf 83' lang='lat' dir='ltr'><strong>aciliect</strong></span> <span class='ocrx_word' id='word_1_135' title='bbox 433 1712 625 1784; x_wconf 81' lang='lat' dir='ltr'><strong>„propono</strong></span> <span class='ocrx_word' id='word_1_136' title='bbox 652 1713 755 1760; x_wconf 91' lang='lat' dir='ltr'><strong>omne</strong></span> <span class='ocrx_word' id='word_1_137' title='bbox 780 1688 835 1758; x_wconf 82' lang='lat' dir='ltr'><strong>ius</strong></span> <span class='ocrx_word' id='word_1_138' title='bbox 862 1685 945 1758; x_wconf 83' lang='lat' dir='ltr'><strong>mihi</strong></span> <span class='ocrx_word' id='word_1_139' title='bbox 971 1686 1198 1783; x_wconf 83' lang='lat' dir='ltr'><strong>competena”</strong></span> <span class='ocrx_word' id='word_1_140' title='bbox 1223 1685 1322 1758; x_wconf 88' lang='lat' dir='ltr'><strong>nulla</strong></span> <span class='ocrx_word' id='word_1_141' title='bbox 1345 1685 1438 1758; x_wconf 82' lang='lat' dir='ltr'><strong>factu</strong></span> <span class='ocrx_word' id='word_1_142' title='bbox 1464 1686 1642 1758; x_wconf 84' lang='lat' dir='ltr'><strong>mentione</strong></span> <span class='ocrx_word' id='word_1_143' title='bbox 1664 1687 1867 1783; x_wconf 76' lang='lat' dir='ltr'><strong>specialium</strong></span> <span class='ocrx_word' id='word_1_144' title='bbox 1891 1692 1999 1763; x_wconf 88' lang='lat' dir='ltr'><strong>actio·</strong></span> <span class='ocrx_word' id='word_1_145' title='bbox 2019 1711 2052 1764; x_wconf 84' lang='lat' dir='ltr'><strong>tu</strong></span> 
     </span>
     <span class='ocr_line' id='line_1_12' title="bbox 278 1784 1998 1889; baseline 0.002 -28"><span class='ocrx_word' id='word_1_146' title='bbox 278 1814 380 1882; x_wconf 90' lang='lat' dir='ltr'><strong>num,</strong></span> <span class='ocrx_word' id='word_1_147' title='bbox 425 1800 463 1860; x_wconf 91' lang='lat' dir='ltr'><strong>et</strong></span> <span class='ocrx_word' id='word_1_148' title='bbox 493 1788 564 1862; x_wconf 89' lang='lat' dir='ltr'><strong>hoc</strong></span> <span class='ocrx_word' id='word_1_149' title='bbox 597 1788 792 1862; x_wconf 81' lang='lat' dir='ltr'><strong>defendunt</strong></span> <span class='ocrx_word' id='word_1_150' title='bbox 822 1815 887 1886; x_wconf 87' lang='lat' dir='ltr'><strong>per</strong></span> <span class='ocrx_word' id='word_1_151' title='bbox 920 1788 944 1860; x_wconf 95' lang='grc' dir='ltr'><strong>Ι.</strong></span> <span class='ocrx_word' id='word_1_152' title='bbox 972 1789 1058 1860; x_wconf 84' lang='lat' dir='ltr'><strong>Cod.</strong></span> <span class='ocrx_word' id='word_1_153' title='bbox 1087 1800 1127 1860; x_wconf 93' lang='lat' dir='ltr'><strong>nt</strong></span> <span class='ocrx_word' id='word_1_154' title='bbox 1159 1813 1251 1886; x_wconf 88' lang='lat' dir='ltr'><strong>quae</strong></span> <span class='ocrx_word' id='word_1_155' title='bbox 1276 1787 1351 1861; x_wconf 84' lang='lat' dir='ltr'><strong>duo.</strong></span> <span class='ocrx_word' id='word_1_156' title='bbox 1378 1784 1555 1882; x_wconf 67' lang='lat' dir='ltr'><strong>educat,</strong></span> <span class='ocrx_word' id='word_1_157' title='bbox 1584 1784 1643 1860; x_wconf 89' lang='grc' dir='ltr'><strong>ΙΙ.</strong></span> <span class='ocrx_word' id='word_1_158' title='bbox 1674 1800 1711 1861; x_wconf 88' lang='lat' dir='ltr'><strong>et</strong></span> <span class='ocrx_word' id='word_1_159' title='bbox 1734 1790 1814 1883; x_wconf 80' lang='lat' dir='ltr'><strong>oig.</strong></span> <span class='ocrx_word' id='word_1_160' title='bbox 1845 1791 1890 1878; x_wconf 91' lang='lat' dir='ltr'><strong>de</strong></span> <span class='ocrx_word' id='word_1_161' title='bbox 1926 1804 1998 1889; x_wconf 87' lang='lat' dir='ltr'><strong>pet.</strong></span> 
     </span>
     <span class='ocr_line' id='line_1_13' title="bbox 278 1886 1212 1988; baseline 0 -24"><span class='ocrx_word' id='word_1_162' title='bbox 278 1889 396 1964; x_wconf 84' lang='lat' dir='ltr'><strong>hored.</strong></span> <span class='ocrx_word' id='word_1_163' title='bbox 411 1886 450 1983; x_wconf 80' lang='lat'><strong>5,</strong></span> <span class='ocrx_word' id='word_1_164' title='bbox 475 1887 512 1962; x_wconf 78' lang='lat'><strong>5.</strong></span> <span class='ocrx_word' id='word_1_165' title='bbox 534 1891 557 1963; x_wconf 95' lang='grc' dir='ltr'><strong>Ι.</strong></span> <span class='ocrx_word' id='word_1_166' title='bbox 584 1890 649 1962; x_wconf 92' lang='lat' dir='ltr'><strong>ult.</strong></span> <span class='ocrx_word' id='word_1_167' title='bbox 664 1890 724 1988; x_wconf 84' lang='lat'><strong>¹¹).</strong></span> <span class='ocrx_word' id='word_1_168' title='bbox 776 1890 847 1964; x_wconf 89' lang='lat' dir='ltr'><strong>Sed</strong></span> <span class='ocrx_word' id='word_1_169' title='bbox 871 1916 944 1962; x_wconf 92' lang='lat' dir='ltr'><strong>non</strong></span> <span class='ocrx_word' id='word_1_170' title='bbox 970 1888 1061 1964; x_wconf 85' lang='lat' dir='ltr'><strong>bene</strong></span> <span class='ocrx_word' id='word_1_171' title='bbox 1081 1889 1212 1964; x_wconf 75' lang='lat' dir='ltr'><strong>dicunt.</strong></span> 
     </span>
    </p>

    <p class='ocr_par' dir='ltr' id='par_1_6' title="bbox 275 1990 2079 3214">
     <span class='ocr_line' id='line_1_14' title="bbox 375 1990 2079 2100; baseline 0.003 -34"><span class='ocrx_word' id='word_1_172' title='bbox 375 1991 410 2091; x_wconf 68' lang='lat' dir='ltr'><strong>S.</strong></span> <span class='ocrx_word' id='word_1_173' title='bbox 463 1992 533 2066; x_wconf 86' lang='lat' dir='ltr'><strong>Sed</strong></span> <span class='ocrx_word' id='word_1_174' title='bbox 567 1991 623 2066; x_wconf 80' lang='lat' dir='ltr'><strong>laic</strong></span> <span class='ocrx_word' id='word_1_175' title='bbox 662 2004 904 2089; x_wconf 84' lang='lat' dir='ltr'><strong>competenter</strong></span> <span class='ocrx_word' id='word_1_176' title='bbox 944 1993 1144 2091; x_wconf 86' lang='lat' dir='ltr'><strong>quaeritur,</strong></span> <span class='ocrx_word' id='word_1_177' title='bbox 1189 2018 1235 2064; x_wconf 84' lang='lat' dir='ltr'><strong>uu</strong></span> <span class='ocrx_word' id='word_1_178' title='bbox 1265 2005 1366 2066; x_wconf 88' lang='lat' dir='ltr'><strong>actor</strong></span> <span class='ocrx_word' id='word_1_179' title='bbox 1402 2017 1519 2089; x_wconf 84' lang='lat' dir='ltr'><strong>nequo</strong></span> <span class='ocrx_word' id='word_1_180' title='bbox 1549 1990 1595 2064; x_wconf 89' lang='lat' dir='ltr'><strong>ad</strong></span> <span class='ocrx_word' id='word_1_181' title='bbox 1636 1995 1847 2066; x_wconf 74' lang='lat' dir='ltr'><strong>sententiam</strong></span> <span class='ocrx_word' id='word_1_182' title='bbox 1882 1997 2079 2100; x_wconf 63' lang='lat' dir='ltr'><strong>poesitgff.</strong></span> 
     </span>
     <span class='ocr_line' id='line_1_15' title="bbox 277 2092 1998 2193; baseline 0.001 -27"><span class='ocrx_word' id='word_1_183' title='bbox 277 2105 415 2166; x_wconf 87' lang='lat' dir='ltr'><strong>mutare</strong></span> <span class='ocrx_word' id='word_1_184' title='bbox 440 2097 632 2189; x_wconf 87' lang='lat' dir='ltr'><strong>actionem,</strong></span> <span class='ocrx_word' id='word_1_185' title='bbox 675 2119 782 2193; x_wconf 87' lang='lat' dir='ltr'><strong>quam</strong></span> <span class='ocrx_word' id='word_1_186' title='bbox 809 2094 934 2188; x_wconf 81' lang='lat' dir='ltr'><strong>edidit,</strong></span> <span class='ocrx_word' id='word_1_187' title='bbox 964 2107 1030 2186; x_wconf 82' lang='lat' dir='ltr'><strong>et,</strong></span> <span class='ocrx_word' id='word_1_188' title='bbox 1062 2095 1092 2165; x_wconf 83' lang='lat' dir='ltr'><strong>ai</strong></span> <span class='ocrx_word' id='word_1_189' title='bbox 1120 2095 1325 2188; x_wconf 87' lang='lat' dir='ltr'><strong>mutaverit,</strong></span> <span class='ocrx_word' id='word_1_190' title='bbox 1356 2119 1402 2164; x_wconf 90' lang='lat' dir='ltr'><strong>an</strong></span> <span class='ocrx_word' id='word_1_191' title='bbox 1429 2095 1477 2166; x_wconf 84' lang='lat' dir='ltr'><strong>ait</strong></span> <span class='ocrx_word' id='word_1_192' title='bbox 1503 2119 1586 2166; x_wconf 83' lang='lat' dir='ltr'><strong>rena</strong></span> <span class='ocrx_word' id='word_1_193' title='bbox 1612 2092 1658 2165; x_wconf 90' lang='lat' dir='ltr'><strong>ab</strong></span> <span class='ocrx_word' id='word_1_194' title='bbox 1683 2094 1745 2167; x_wconf 90' lang='lat' dir='ltr'><strong>illa</strong></span> <span class='ocrx_word' id='word_1_195' title='bbox 1774 2099 1912 2169; x_wconf 85' lang='lat' dir='ltr'><strong>actione</strong></span> <span class='ocrx_word' id='word_1_196' title='bbox 1936 2095 1998 2168; x_wconf 85' lang='lat' dir='ltr'><strong>ab·</strong></span> 
     </span>
     <span class='ocr_line' id='line_1_16' title="bbox 278 2192 2050 2293; baseline 0.002 -25"><span class='ocrx_word' id='word_1_197' title='bbox 278 2195 484 2289; x_wconf 82' lang='lat' dir='ltr'><strong>solvendus,</strong></span> <span class='ocrx_word' id='word_1_198' title='bbox 513 2209 561 2288; x_wconf 91' lang='lat' dir='ltr'><strong>et,</strong></span> <span class='ocrx_word' id='word_1_199' title='bbox 591 2197 622 2267; x_wconf 84' lang='lat' dir='ltr'><strong>si</strong></span> <span class='ocrx_word' id='word_1_200' title='bbox 640 2221 713 2269; x_wconf 91' lang='lat' dir='ltr'><strong>uon</strong></span> <span class='ocrx_word' id='word_1_201' title='bbox 741 2199 788 2268; x_wconf 83' lang='lat' dir='ltr'><strong>cit</strong></span> <span class='ocrx_word' id='word_1_202' title='bbox 813 2194 1049 2269; x_wconf 80' lang='lat' dir='ltr'><strong>absolvendus</strong></span> <span class='ocrx_word' id='word_1_203' title='bbox 1068 2199 1113 2289; x_wconf 85' lang='lat'><strong>²),</strong></span> <span class='ocrx_word' id='word_1_204' title='bbox 1140 2221 1184 2268; x_wconf 89' lang='lat' dir='ltr'><strong>un</strong></span> <span class='ocrx_word' id='word_1_205' title='bbox 1210 2195 1340 2272; x_wconf 87' lang='lat' dir='ltr'><strong>debeat</strong></span> <span class='ocrx_word' id='word_1_206' title='bbox 1364 2206 1448 2268; x_wconf 92' lang='lat' dir='ltr'><strong>tunc</strong></span> <span class='ocrx_word' id='word_1_207' title='bbox 1469 2192 1601 2268; x_wconf 85' lang='lat' dir='ltr'><strong>habere</strong></span> <span class='ocrx_word' id='word_1_208' title='bbox 1627 2206 1768 2293; x_wconf 86' lang='lat' dir='ltr'><strong>tempua</strong></span> <span class='ocrx_word' id='word_1_209' title='bbox 1795 2197 1841 2270; x_wconf 89' lang='lat' dir='ltr'><strong>ud</strong></span> <span class='ocrx_word' id='word_1_210' title='bbox 1868 2197 2000 2272; x_wconf 91' lang='lat' dir='ltr'><strong>delibe·</strong></span> <span class='ocrx_word' id='word_1_211' title='bbox 2020 2223 2050 2272; x_wconf 75' lang='grc' dir='ltr'><strong>ιι</strong></span> 
     </span>
     <span class='ocr_line' id='line_1_17' title="bbox 278 2293 1999 2394; baseline 0.001 -24"><span class='ocrx_word' id='word_1_212' title='bbox 278 2297 425 2372; x_wconf 87' lang='lat' dir='ltr'><strong>randum</strong></span> <span class='ocrx_word' id='word_1_213' title='bbox 450 2309 487 2371; x_wconf 85' lang='lat' dir='ltr'><strong>et</strong></span> <span class='ocrx_word' id='word_1_214' title='bbox 513 2324 621 2372; x_wconf 77' lang='lat' dir='ltr'><strong>nocua</strong></span> <span class='ocrx_word' id='word_1_215' title='bbox 648 2298 823 2392; x_wconf 83' lang='lat' dir='ltr'><strong>inducias,</strong></span> <span class='ocrx_word' id='word_1_216' title='bbox 863 2301 1048 2372; x_wconf 84' lang='lat' dir='ltr'><strong>etiterum</strong></span> <span class='ocrx_word' id='word_1_217' title='bbox 1081 2301 1131 2371; x_wconf 82' lang='lat' dir='ltr'><strong>ait</strong></span> <span class='ocrx_word' id='word_1_218' title='bbox 1156 2297 1299 2372; x_wconf 75' lang='lat' dir='ltr'><strong>libellus</strong></span> <span class='ocrx_word' id='word_1_219' title='bbox 1334 2299 1366 2370; x_wconf 90' lang='lat' dir='ltr'><strong>el</strong></span> <span class='ocrx_word' id='word_1_220' title='bbox 1392 2293 1650 2390; x_wconf 71' lang='lat' dir='ltr'><strong>porrigendae?</strong></span> <span class='ocrx_word' id='word_1_221' title='bbox 1704 2299 1751 2371; x_wconf 86' lang='lat' dir='ltr'><strong>llt</strong></span> <span class='ocrx_word' id='word_1_222' title='bbox 1778 2311 1875 2374; x_wconf 87' lang='lat' dir='ltr'><strong>certe</strong></span> <span class='ocrx_word' id='word_1_223' title='bbox 1904 2301 1999 2394; x_wconf 90' lang='lat' dir='ltr'><strong>dico,</strong></span> 
     </span>
     <span class='ocr_line' id='line_1_18' title="bbox 277 2398 2000 2500; baseline 0.001 -27"><span class='ocrx_word' id='word_1_224' title='bbox 277 2401 375 2500; x_wconf 87' lang='lat' dir='ltr'><strong>quod</strong></span> <span class='ocrx_word' id='word_1_225' title='bbox 401 2411 501 2474; x_wconf 86' lang='lat' dir='ltr'><strong>actor</strong></span> <span class='ocrx_word' id='word_1_226' title='bbox 527 2414 607 2474; x_wconf 85' lang='lat' dir='ltr'><strong>unte</strong></span> <span class='ocrx_word' id='word_1_227' title='bbox 633 2401 841 2474; x_wconf 75' lang='lat' dir='ltr'><strong>sententium</strong></span> <span class='ocrx_word' id='word_1_228' title='bbox 873 2411 993 2498; x_wconf 85' lang='lat' dir='ltr'><strong>puteat</strong></span> <span class='ocrx_word' id='word_1_229' title='bbox 1023 2403 1196 2476; x_wconf 90' lang='lat' dir='ltr'><strong>actionem</strong></span> <span class='ocrx_word' id='word_1_230' title='bbox 1223 2412 1358 2474; x_wconf 82' lang='lat' dir='ltr'><strong>mutere</strong></span> <span class='ocrx_word' id='word_1_231' title='bbox 1383 2412 1419 2472; x_wconf 90' lang='lat' dir='ltr'><strong>et</strong></span> <span class='ocrx_word' id='word_1_232' title='bbox 1444 2399 1548 2472; x_wconf 87' lang='lat' dir='ltr'><strong>uliam</strong></span> <span class='ocrx_word' id='word_1_233' title='bbox 1572 2398 1700 2491; x_wconf 86' lang='lat' dir='ltr'><strong>edere,</strong></span> <span class='ocrx_word' id='word_1_234' title='bbox 1739 2403 1897 2500; x_wconf 57' lang='lat' dir='ltr'><strong>maruvio</strong></span> <span class='ocrx_word' id='word_1_235' title='bbox 1926 2429 2000 2476; x_wconf 89' lang='lat' dir='ltr'><strong>noo</strong></span> 
     </span>
     <span class='ocr_line' id='line_1_19' title="bbox 277 2498 2001 2602; baseline 0.001 -28"><span class='ocrx_word' id='word_1_236' title='bbox 277 2529 322 2574; x_wconf 80' lang='lat' dir='ltr'><strong>ex</strong></span> <span class='ocrx_word' id='word_1_237' title='bbox 346 2502 466 2576; x_wconf 87' lang='lat' dir='ltr'><strong>cadem</strong></span> <span class='ocrx_word' id='word_1_238' title='bbox 488 2527 594 2575; x_wconf 87' lang='lat' dir='ltr'><strong>causa</strong></span> <span class='ocrx_word' id='word_1_239' title='bbox 620 2513 738 2599; x_wconf 73' lang='lat' dir='ltr'><strong>petat,</strong></span> <span class='ocrx_word' id='word_1_240' title='bbox 772 2502 871 2600; x_wconf 93' lang='lat' dir='ltr'><strong>quod</strong></span> <span class='ocrx_word' id='word_1_241' title='bbox 896 2502 1080 2596; x_wconf 82' lang='lat' dir='ltr'><strong>colligitur</strong></span> <span class='ocrx_word' id='word_1_242' title='bbox 1106 2504 1143 2574; x_wconf 92' lang='lat' dir='ltr'><strong>in</strong></span> <span class='ocrx_word' id='word_1_243' title='bbox 1167 2503 1247 2597; x_wconf 70' lang='lat' dir='ltr'><strong>lug.</strong></span> <span class='ocrx_word' id='word_1_244' title='bbox 1280 2502 1326 2575; x_wconf 85' lang='lat' dir='ltr'><strong>dc</strong></span> <span class='ocrx_word' id='word_1_245' title='bbox 1351 2500 1470 2575; x_wconf 82' lang='lat' dir='ltr'><strong>nonul.</strong></span> <span class='ocrx_word' id='word_1_246' title='bbox 1496 2511 1565 2574; x_wconf 89' lang='lat' dir='ltr'><strong>act.</strong></span> <span class='ocrx_word' id='word_1_247' title='bbox 1578 2498 1618 2595; x_wconf 91' lang='grc'><strong>9,</strong></span> <span class='ocrx_word' id='word_1_248' title='bbox 1646 2498 1683 2572; x_wconf 91' lang='grc'><strong>4.</strong></span> <span class='ocrx_word' id='word_1_249' title='bbox 1711 2501 1735 2574; x_wconf 92' lang='grc' dir='ltr'><strong>Ι.</strong></span> <span class='ocrx_word' id='word_1_250' title='bbox 1749 2501 1788 2574; x_wconf 91' lang='grc'><strong>4.</strong></span> <span class='ocrx_word' id='word_1_251' title='bbox 1814 2501 1849 2602; x_wconf 67' lang='lat' dir='ltr'><strong>g.</strong></span> <span class='ocrx_word' id='word_1_252' title='bbox 1876 2503 1940 2576; x_wconf 88' lang='lat' dir='ltr'><strong>alt.</strong></span> <span class='ocrx_word' id='word_1_253' title='bbox 1965 2517 2001 2577; x_wconf 87' lang='lat' dir='ltr'><strong>et</strong></span> 
     </span>
     <span class='ocr_line' id='line_1_20' title="bbox 277 2599 2001 2704; baseline 0.001 -28"><span class='ocrx_word' id='word_1_254' title='bbox 277 2607 364 2678; x_wconf 86' lang='lat' dir='ltr'><strong>lust.</strong></span> <span class='ocrx_word' id='word_1_255' title='bbox 392 2605 436 2677; x_wconf 87' lang='lat' dir='ltr'><strong>dc</strong></span> <span class='ocrx_word' id='word_1_256' title='bbox 461 2614 528 2676; x_wconf 90' lang='lat' dir='ltr'><strong>aet.</strong></span> <span class='ocrx_word' id='word_1_257' title='bbox 543 2602 583 2697; x_wconf 89' lang='grc'><strong>4,</strong></span> <span class='ocrx_word' id='word_1_258' title='bbox 608 2602 645 2676; x_wconf 85' lang='grc'><strong>6.</strong></span> <span class='ocrx_word' id='word_1_259' title='bbox 672 2603 707 2704; x_wconf 72' lang='lat' dir='ltr'><strong>S.</strong></span> <span class='ocrx_word' id='word_1_260' title='bbox 735 2606 764 2678; x_wconf 86' lang='lat' dir='ltr'><strong>ai</strong></span> <span class='ocrx_word' id='word_1_261' title='bbox 789 2605 930 2702; x_wconf 88' lang='lat' dir='ltr'><strong>quidem</strong></span> <span class='ocrx_word' id='word_1_262' title='bbox 948 2601 980 2702; x_wconf 85' lang='lat'><strong>²)</strong></span> <span class='ocrx_word' id='word_1_263' title='bbox 1007 2605 1117 2676; x_wconf 85' lang='lat' dir='ltr'><strong>uliud.</strong></span> <span class='ocrx_word' id='word_1_264' title='bbox 1131 2599 1194 2676; x_wconf 78' lang='lat'><strong>55.</strong></span> <span class='ocrx_word' id='word_1_265' title='bbox 1244 2603 1316 2677; x_wconf 86' lang='lat' dir='ltr'><strong>Sed</strong></span> <span class='ocrx_word' id='word_1_266' title='bbox 1341 2602 1589 2698; x_wconf 69' lang='lat' dir='ltr'><strong>ffiatinguuitur,</strong></span> <span class='ocrx_word' id='word_1_267' title='bbox 1616 2613 1735 2676; x_wconf 71' lang='lat' dir='ltr'><strong>uuum</strong></span> <span class='ocrx_word' id='word_1_268' title='bbox 1762 2617 1863 2678; x_wconf 89' lang='lat' dir='ltr'><strong>actor</strong></span> <span class='ocrx_word' id='word_1_269' title='bbox 1887 2618 2001 2679; x_wconf 85' lang='lat' dir='ltr'><strong>mutu·</strong></span> 
     </span>
     <span class='ocr_line' id='line_1_21' title="bbox 276 2704 2052 2804; baseline 0.003 -25"><span class='ocrx_word' id='word_1_270' title='bbox 276 2708 326 2788; x_wconf 81' lang='lat' dir='ltr'><strong>¹uit</strong></span> <span class='ocrx_word' id='word_1_271' title='bbox 351 2718 387 2780; x_wconf 87' lang='lat' dir='ltr'><strong>et</strong></span> <span class='ocrx_word' id='word_1_272' title='bbox 410 2706 519 2779; x_wconf 89' lang='lat' dir='ltr'><strong>edidit</strong></span> <span class='ocrx_word' id='word_1_273' title='bbox 544 2708 683 2804; x_wconf 77' lang='lat' dir='ltr'><strong>penitus</strong></span> <span class='ocrx_word' id='word_1_274' title='bbox 709 2705 812 2779; x_wconf 85' lang='lat' dir='ltr'><strong>alium</strong></span> <span class='ocrx_word' id='word_1_275' title='bbox 837 2718 872 2780; x_wconf 92' lang='lat' dir='ltr'><strong>et</strong></span> <span class='ocrx_word' id='word_1_276' title='bbox 899 2733 972 2780; x_wconf 92' lang='lat' dir='ltr'><strong>non</strong></span> <span class='ocrx_word' id='word_1_277' title='bbox 1000 2717 1119 2804; x_wconf 87' lang='lat' dir='ltr'><strong>aptam</strong></span> <span class='ocrx_word' id='word_1_278' title='bbox 1145 2708 1307 2800; x_wconf 69' lang='lat' dir='ltr'><strong>negotio,</strong></span> <span class='ocrx_word' id='word_1_279' title='bbox 1342 2705 1379 2778; x_wconf 91' lang='lat' dir='ltr'><strong>id</strong></span> <span class='ocrx_word' id='word_1_280' title='bbox 1405 2717 1460 2778; x_wconf 82' lang='lat' dir='ltr'><strong>eat</strong></span> <span class='ocrx_word' id='word_1_281' title='bbox 1484 2705 1552 2798; x_wconf 84' lang='lat' dir='ltr'><strong>ito,</strong></span> <span class='ocrx_word' id='word_1_282' title='bbox 1584 2704 1684 2804; x_wconf 81' lang='lat' dir='ltr'><strong>quod</strong></span> <span class='ocrx_word' id='word_1_283' title='bbox 1709 2732 1781 2778; x_wconf 94' lang='lat' dir='ltr'><strong>non</strong></span> <span class='ocrx_word' id='word_1_284' title='bbox 1807 2733 1852 2778; x_wconf 81' lang='lat' dir='ltr'><strong>en</strong></span> <span class='ocrx_word' id='word_1_285' title='bbox 1878 2708 1997 2781; x_wconf 88' lang='lat' dir='ltr'><strong>eadem</strong></span> <span class='ocrx_word' id='word_1_286' title='bbox 2017 2733 2052 2785; x_wconf 79' lang='lat' dir='ltr'><strong>uo</strong></span> 
     </span>
     <span class='ocr_line' id='line_1_22' title="bbox 277 2806 2000 2906; baseline -0.002 -20"><span class='ocrx_word' id='word_1_287' title='bbox 277 2833 383 2886; x_wconf 78' lang='lat' dir='ltr'><strong>cauea</strong></span> <span class='ocrx_word' id='word_1_288' title='bbox 455 2820 607 2902; x_wconf 84' lang='lat' dir='ltr'><strong>teretur,</strong></span> <span class='ocrx_word' id='word_1_289' title='bbox 652 2835 698 2882; x_wconf 87' lang='lat' dir='ltr'><strong>un</strong></span> <span class='ocrx_word' id='word_1_290' title='bbox 723 2809 832 2882; x_wconf 87' lang='lat' dir='ltr'><strong>edidit</strong></span> <span class='ocrx_word' id='word_1_291' title='bbox 856 2809 977 2901; x_wconf 87' lang='lat' dir='ltr'><strong>aliam,</strong></span> <span class='ocrx_word' id='word_1_292' title='bbox 1015 2807 1080 2882; x_wconf 85' lang='lat' dir='ltr'><strong>aed</strong></span> <span class='ocrx_word' id='word_1_293' title='bbox 1112 2807 1233 2882; x_wconf 86' lang='lat' dir='ltr'><strong>eadem</strong></span> <span class='ocrx_word' id='word_1_294' title='bbox 1262 2832 1366 2881; x_wconf 79' lang='lat' dir='ltr'><strong>cauea</strong></span> <span class='ocrx_word' id='word_1_295' title='bbox 1401 2808 1580 2905; x_wconf 74' lang='lat' dir='ltr'><strong>petitionis</strong></span> <span class='ocrx_word' id='word_1_296' title='bbox 1605 2806 1765 2880; x_wconf 76' lang='lat' dir='ltr'><strong>durante.</strong></span> <span class='ocrx_word' id='word_1_297' title='bbox 1817 2811 1859 2882; x_wconf 89' lang='lat' dir='ltr'><strong>lu</strong></span> <span class='ocrx_word' id='word_1_298' title='bbox 1885 2811 2000 2906; x_wconf 89' lang='lat' dir='ltr'><strong>primo</strong></span> 
     </span>
     <span class='ocr_line' id='line_1_23' title="bbox 276 2908 2001 3008; baseline 0.001 -25"><span class='ocrx_word' id='word_1_299' title='bbox 276 2935 362 2983; x_wconf 84' lang='lat' dir='ltr'><strong>caau</strong></span> <span class='ocrx_word' id='word_1_300' title='bbox 388 2935 408 2982; x_wconf 91' lang='lat' dir='ltr'><strong>a</strong></span> <span class='ocrx_word' id='word_1_301' title='bbox 434 2911 624 2984; x_wconf 75' lang='lat' dir='ltr'><strong>solvendus</strong></span> <span class='ocrx_word' id='word_1_302' title='bbox 651 2922 812 2987; x_wconf 78' lang='lat' dir='ltr'><strong>ostreno</strong></span> <span class='ocrx_word' id='word_1_303' title='bbox 837 2909 883 2983; x_wconf 86' lang='lat' dir='ltr'><strong>ab</strong></span> <span class='ocrx_word' id='word_1_304' title='bbox 910 2911 1049 2984; x_wconf 88' lang='lat' dir='ltr'><strong>actione</strong></span> <span class='ocrx_word' id='word_1_305' title='bbox 1074 2911 1207 3008; x_wconf 86' lang='lat' dir='ltr'><strong>priori,</strong></span> <span class='ocrx_word' id='word_1_306' title='bbox 1234 2921 1271 2984; x_wconf 85' lang='lat' dir='ltr'><strong>et</strong></span> <span class='ocrx_word' id='word_1_307' title='bbox 1297 2911 1424 2982; x_wconf 84' lang='lat' dir='ltr'><strong>iterum</strong></span> <span class='ocrx_word' id='word_1_308' title='bbox 1450 2908 1688 2982; x_wconf 81' lang='lat' dir='ltr'><strong>conficiendae</strong></span> <span class='ocrx_word' id='word_1_309' title='bbox 1714 2921 1771 2982; x_wconf 84' lang='lat' dir='ltr'><strong>eat</strong></span> <span class='ocrx_word' id='word_1_310' title='bbox 1797 2909 1939 2984; x_wconf 76' lang='lat' dir='ltr'><strong>libellus</strong></span> <span class='ocrx_word' id='word_1_311' title='bbox 1964 2923 2001 2984; x_wconf 90' lang='lat' dir='ltr'><strong>et</strong></span> 
     </span>
     <span class='ocr_line' id='line_1_24' title="bbox 275 3009 1999 3111; baseline 0.002 -27"><span class='ocrx_word' id='word_1_312' title='bbox 275 3011 430 3105; x_wconf 82' lang='lat' dir='ltr'><strong>dandus,</strong></span> <span class='ocrx_word' id='word_1_313' title='bbox 467 3024 504 3086; x_wconf 88' lang='lat' dir='ltr'><strong>ct</strong></span> <span class='ocrx_word' id='word_1_314' title='bbox 524 3025 661 3111; x_wconf 76' lang='lat' dir='ltr'><strong>tenpua</strong></span> <span class='ocrx_word' id='word_1_315' title='bbox 689 3039 822 3086; x_wconf 81' lang='lat' dir='ltr'><strong>novum</strong></span> <span class='ocrx_word' id='word_1_316' title='bbox 845 3013 1060 3088; x_wconf 74' lang='lat' dir='ltr'><strong>induciarum</strong></span> <span class='ocrx_word' id='word_1_317' title='bbox 1086 3012 1132 3086; x_wconf 90' lang='lat' dir='ltr'><strong>ad</strong></span> <span class='ocrx_word' id='word_1_318' title='bbox 1158 3009 1425 3085; x_wconf 85' lang='lat' dir='ltr'><strong>deliberandum</strong></span> <span class='ocrx_word' id='word_1_319' title='bbox 1450 3011 1619 3105; x_wconf 76' lang='lat' dir='ltr'><strong>largitur,</strong></span> <span class='ocrx_word' id='word_1_320' title='bbox 1660 3023 1697 3082; x_wconf 88' lang='lat' dir='ltr'><strong>ct</strong></span> <span class='ocrx_word' id='word_1_321' title='bbox 1723 3011 1767 3082; x_wconf 83' lang='lat' dir='ltr'><strong>lic</strong></span> <span class='ocrx_word' id='word_1_322' title='bbox 1793 3025 1849 3085; x_wconf 83' lang='lat' dir='ltr'><strong>eet</strong></span> <span class='ocrx_word' id='word_1_323' title='bbox 1873 3015 1999 3086; x_wconf 90' lang='lat' dir='ltr'><strong>iterum</strong></span> 
     </span>
     <span class='ocr_line' id='line_1_25' title="bbox 275 3113 2001 3214; baseline 0 -26"><span class='ocrx_word' id='word_1_324' title='bbox 275 3114 523 3208; x_wconf 76' lang='lat' dir='ltr'><strong>contestando,</strong></span> <span class='ocrx_word' id='word_1_325' title='bbox 571 3124 607 3186; x_wconf 87' lang='lat' dir='ltr'><strong>et</strong></span> <span class='ocrx_word' id='word_1_326' title='bbox 647 3114 691 3188; x_wconf 92' lang='lat' dir='ltr'><strong>de</strong></span> <span class='ocrx_word' id='word_1_327' title='bbox 732 3115 905 3188; x_wconf 89' lang='lat' dir='ltr'><strong>calumnia</strong></span> <span class='ocrx_word' id='word_1_328' title='bbox 947 3114 1153 3208; x_wconf 91' lang='lat' dir='ltr'><strong>iurandum,</strong></span> <span class='ocrx_word' id='word_1_329' title='bbox 1202 3114 1368 3214; x_wconf 81' lang='lat' dir='ltr'><strong>quoniam</strong></span> <span class='ocrx_word' id='word_1_330' title='bbox 1396 3123 1519 3210; x_wconf 78' lang='lat' dir='ltr'><strong>posset</strong></span> <span class='ocrx_word' id='word_1_331' title='bbox 1551 3124 1702 3212; x_wconf 82' lang='lat' dir='ltr'><strong>uterquc</strong></span> <span class='ocrx_word' id='word_1_332' title='bbox 1735 3113 1927 3209; x_wconf 73' lang='lat' dir='ltr'><strong>malignare</strong></span> <span class='ocrx_word' id='word_1_333' title='bbox 1962 3127 2001 3188; x_wconf 90' lang='lat' dir='ltr'><strong>et</strong></span> 
     </span>
    </p>
   </div>
   <div class='ocr_carea' id='block_1_5' title="bbox 163 3214 2051 3314">
    <p class='ocr_par' dir='ltr' id='par_1_7' title="bbox 163 3214 2051 3314">
     <span class='ocr_line' id='line_1_26' title="bbox 163 3214 2051 3314; baseline 0.003 -30"><span class='ocrx_word' id='word_1_334' title='bbox 163 3261 170 3284; x_wconf 80' lang='grc'><strong>.</strong></span> <span class='ocrx_word' id='word_1_335' title='bbox 275 3241 341 3314; x_wconf 88' lang='lat' dir='ltr'><strong>per</strong></span> <span class='ocrx_word' id='word_1_336' title='bbox 383 3215 588 3290; x_wconf 88' lang='lat' dir='ltr'><strong>calumniam</strong></span> <span class='ocrx_word' id='word_1_337' title='bbox 625 3217 842 3313; x_wconf 79' lang='lat' dir='ltr'><strong>respondere</strong></span> <span class='ocrx_word' id='word_1_338' title='bbox 882 3217 919 3288; x_wconf 93' lang='lat' dir='ltr'><strong>in</strong></span> <span class='ocrx_word' id='word_1_339' title='bbox 953 3214 1019 3289; x_wconf 87' lang='lat' dir='ltr'><strong>huc</strong></span> <span class='ocrx_word' id='word_1_340' title='bbox 1061 3215 1215 3288; x_wconf 75' lang='lat' dir='ltr'><strong>secunda</strong></span> <span class='ocrx_word' id='word_1_341' title='bbox 1249 3215 1405 3308; x_wconf 87' lang='lat' dir='ltr'><strong>actione,</strong></span> <span class='ocrx_word' id='word_1_342' title='bbox 1443 3240 1524 3289; x_wconf 87' lang='lat' dir='ltr'><strong>cam</strong></span> <span class='ocrx_word' id='word_1_343' title='bbox 1558 3216 1713 3312; x_wconf 86' lang='lat' dir='ltr'><strong>primum</strong></span> <span class='ocrx_word' id='word_1_344' title='bbox 1741 3229 2001 3290; x_wconf 77' lang='lat' dir='ltr'><strong>sacramentum</strong></span> <span class='ocrx_word' id='word_1_345' title='bbox 2018 3253 2051 3304; x_wconf 80' lang='lat'><strong>25</strong></span> 
     </span>
    </p>
   </div>
   <div class='ocr_carea' id='block_1_6' title="bbox 252 3317 2050 4334">
    <p class='ocr_par' dir='ltr' id='par_1_8' title="bbox 252 3317 2050 4334">
     <span class='ocr_line' id='line_1_27' title="bbox 275 3317 2000 3418; baseline 0.002 -29"><span class='ocrx_word' id='word_1_346' title='bbox 275 3321 373 3416; x_wconf 85' lang='lat' dir='ltr'><strong>ipooa</strong></span> <span class='ocrx_word' id='word_1_347' title='bbox 409 3343 482 3390; x_wconf 92' lang='lat' dir='ltr'><strong>uon</strong></span> <span class='ocrx_word' id='word_1_348' title='bbox 512 3330 631 3391; x_wconf 89' lang='lat' dir='ltr'><strong>teneat</strong></span> <span class='ocrx_word' id='word_1_349' title='bbox 649 3317 703 3418; x_wconf 78' lang='lat'><strong>³),</strong></span> <span class='ocrx_word' id='word_1_350' title='bbox 743 3343 789 3391; x_wconf 87' lang='lat' dir='ltr'><strong>ex</strong></span> <span class='ocrx_word' id='word_1_351' title='bbox 821 3343 892 3416; x_wconf 83' lang='lat' dir='ltr'><strong>quo</strong></span> <span class='ocrx_word' id='word_1_352' title='bbox 926 3319 995 3389; x_wconf 89' lang='lat' dir='ltr'><strong>ulia</strong></span> <span class='ocrx_word' id='word_1_353' title='bbox 1020 3343 1125 3392; x_wconf 81' lang='lat' dir='ltr'><strong>cauea</strong></span> <span class='ocrx_word' id='word_1_354' title='bbox 1152 3330 1217 3390; x_wconf 87' lang='lat' dir='ltr'><strong>eat.</strong></span> <span class='ocrx_word' id='word_1_355' title='bbox 1268 3320 1402 3390; x_wconf 86' lang='lat' dir='ltr'><strong>Verum</strong></span> <span class='ocrx_word' id='word_1_356' title='bbox 1434 3317 1465 3390; x_wconf 86' lang='lat' dir='ltr'><strong>ai</strong></span> <span class='ocrx_word' id='word_1_357' title='bbox 1496 3342 1579 3390; x_wconf 83' lang='lat' dir='ltr'><strong>rena</strong></span> <span class='ocrx_word' id='word_1_358' title='bbox 1611 3329 1761 3414; x_wconf 93' lang='lat' dir='ltr'><strong>propter</strong></span> <span class='ocrx_word' id='word_1_359' title='bbox 1792 3317 1878 3411; x_wconf 82' lang='lat' dir='ltr'><strong>lroc,</strong></span> <span class='ocrx_word' id='word_1_360' title='bbox 1918 3322 2000 3417; x_wconf 88' lang='lat' dir='ltr'><strong>quia</strong></span> 
     </span>
     <span class='ocr_line' id='line_1_28' title="bbox 276 3419 2000 3518; baseline 0.002 -28"><span class='ocrx_word' id='word_1_361' title='bbox 276 3447 347 3494; x_wconf 86' lang='lat' dir='ltr'><strong>non</strong></span> <span class='ocrx_word' id='word_1_362' title='bbox 388 3421 507 3518; x_wconf 87' lang='lat' dir='ltr'><strong>potuit</strong></span> <span class='ocrx_word' id='word_1_363' title='bbox 543 3445 622 3494; x_wconf 79' lang='lat' dir='ltr'><strong>esee</strong></span> <span class='ocrx_word' id='word_1_364' title='bbox 665 3421 861 3494; x_wconf 80' lang='lat' dir='ltr'><strong>instructus</strong></span> <span class='ocrx_word' id='word_1_365' title='bbox 902 3421 940 3490; x_wconf 93' lang='lat' dir='ltr'><strong>in</strong></span> <span class='ocrx_word' id='word_1_366' title='bbox 977 3419 1043 3494; x_wconf 84' lang='lat' dir='ltr'><strong>huc</strong></span> <span class='ocrx_word' id='word_1_367' title='bbox 1079 3420 1234 3494; x_wconf 85' lang='lat' dir='ltr'><strong>aecundu</strong></span> <span class='ocrx_word' id='word_1_368' title='bbox 1267 3419 1419 3493; x_wconf 87' lang='lat' dir='ltr'><strong>editione</strong></span> <span class='ocrx_word' id='word_1_369' title='bbox 1451 3444 1515 3517; x_wconf 92' lang='lat' dir='ltr'><strong>per</strong></span> <span class='ocrx_word' id='word_1_370' title='bbox 1547 3420 1715 3516; x_wconf 83' lang='lat' dir='ltr'><strong>primam,</strong></span> <span class='ocrx_word' id='word_1_371' title='bbox 1758 3423 1851 3492; x_wconf 85' lang='lat' dir='ltr'><strong>circa</strong></span> <span class='ocrx_word' id='word_1_372' title='bbox 1867 3420 1900 3518; x_wconf 80' lang='lat'><strong>⁴)</strong></span> <span class='ocrx_word' id='word_1_373' title='bbox 1940 3449 2000 3494; x_wconf 82' lang='lat' dir='ltr'><strong>ex·</strong></span> 
     </span>
     <span class='ocr_line' id='line_1_29' title="bbox 252 3518 2002 3623; baseline -0.001 -27"><span class='ocrx_word' id='word_1_374' title='bbox 252 3547 403 3623; x_wconf 20' lang='lat' dir='ltr'><strong>,peneus</strong></span> <span class='ocrx_word' id='word_1_375' title='bbox 442 3523 586 3622; x_wconf 88' lang='lat' dir='ltr'><strong>aliquod</strong></span> <span class='ocrx_word' id='word_1_376' title='bbox 629 3522 792 3594; x_wconf 89' lang='lat' dir='ltr'><strong>damnum</strong></span> <span class='ocrx_word' id='word_1_377' title='bbox 833 3546 962 3619; x_wconf 81' lang='lat' dir='ltr'><strong>puseus</strong></span> <span class='ocrx_word' id='word_1_378' title='bbox 1001 3521 1128 3616; x_wconf 86' lang='lat' dir='ltr'><strong>l&#39;uerit,</strong></span> <span class='ocrx_word' id='word_1_379' title='bbox 1165 3523 1200 3593; x_wconf 93' lang='lat' dir='ltr'><strong>id</strong></span> <span class='ocrx_word' id='word_1_380' title='bbox 1236 3532 1349 3594; x_wconf 90' lang='lat' dir='ltr'><strong>totum</strong></span> <span class='ocrx_word' id='word_1_381' title='bbox 1383 3518 1428 3591; x_wconf 91' lang='lat' dir='ltr'><strong>ub</strong></span> <span class='ocrx_word' id='word_1_382' title='bbox 1447 3519 1478 3620; x_wconf 81' lang='grc'><strong>5)</strong></span> <span class='ocrx_word' id='word_1_383' title='bbox 1518 3534 1637 3594; x_wconf 86' lang='lat' dir='ltr'><strong>actore</strong></span> <span class='ocrx_word' id='word_1_384' title='bbox 1671 3535 1906 3620; x_wconf 84' lang='lat' dir='ltr'><strong>consequetur</strong></span> <span class='ocrx_word' id='word_1_385' title='bbox 1936 3549 2002 3621; x_wconf 90' lang='lat' dir='ltr'><strong>per</strong></span> 
     </span>
     <span class='ocr_line' id='line_1_30' title="bbox 276 3619 2000 3721; baseline 0.001 -26"><span class='ocrx_word' id='word_1_386' title='bbox 276 3626 448 3698; x_wconf 85' lang='lat' dir='ltr'><strong>actionem</strong></span> <span class='ocrx_word' id='word_1_387' title='bbox 482 3626 519 3696; x_wconf 90' lang='lat' dir='ltr'><strong>in</strong></span> <span class='ocrx_word' id='word_1_388' title='bbox 551 3624 698 3698; x_wconf 80' lang='lat' dir='ltr'><strong>lactum.</strong></span> <span class='ocrx_word' id='word_1_389' title='bbox 727 3635 768 3696; x_wconf 93' lang='lat' dir='ltr'><strong>ut</strong></span> <span class='ocrx_word' id='word_1_390' title='bbox 792 3625 872 3717; x_wconf 81' lang='lat' dir='ltr'><strong>ltig.</strong></span> <span class='ocrx_word' id='word_1_391' title='bbox 910 3623 954 3695; x_wconf 92' lang='lat' dir='ltr'><strong>de</strong></span> <span class='ocrx_word' id='word_1_392' title='bbox 982 3622 1159 3718; x_wconf 62' lang='lat' dir='ltr'><strong>edenda,</strong></span> <span class='ocrx_word' id='word_1_393' title='bbox 1186 3621 1247 3696; x_wconf 76' lang='grc' dir='ltr'><strong>Ιὸ.</strong></span> <span class='ocrx_word' id='word_1_394' title='bbox 1273 3623 1297 3696; x_wconf 95' lang='lat' dir='ltr'><strong>l.</strong></span> <span class='ocrx_word' id='word_1_395' title='bbox 1323 3620 1396 3694; x_wconf 87' lang='lat' dir='ltr'><strong>ubi.</strong></span> <span class='ocrx_word' id='word_1_396' title='bbox 1410 3619 1445 3694; x_wconf 89' lang='lat'><strong>8.</strong></span> <span class='ocrx_word' id='word_1_397' title='bbox 1476 3620 1511 3721; x_wconf 65' lang='lat' dir='ltr'><strong>g.</strong></span> <span class='ocrx_word' id='word_1_398' title='bbox 1538 3622 1602 3696; x_wconf 88' lang='lat' dir='ltr'><strong>ult.</strong></span> <span class='ocrx_word' id='word_1_399' title='bbox 1653 3623 1694 3694; x_wconf 93' lang='lat' dir='ltr'><strong>ln</strong></span> <span class='ocrx_word' id='word_1_400' title='bbox 1727 3625 1884 3696; x_wconf 88' lang='lat' dir='ltr'><strong>secundo</strong></span> <span class='ocrx_word' id='word_1_401' title='bbox 1915 3653 2000 3698; x_wconf 85' lang='lat' dir='ltr'><strong>vero</strong></span> 
     </span>
     <span class='ocr_line' id='line_1_31' title="bbox 277 3723 2050 3825; baseline -0.001 -27"><span class='ocrx_word' id='word_1_402' title='bbox 277 3751 378 3822; x_wconf 83' lang='lat' dir='ltr'><strong>cusu,</strong></span> <span class='ocrx_word' id='word_1_403' title='bbox 411 3738 496 3824; x_wconf 88' lang='lat' dir='ltr'><strong>puta</strong></span> <span class='ocrx_word' id='word_1_404' title='bbox 529 3726 636 3800; x_wconf 87' lang='lat' dir='ltr'><strong>edidit</strong></span> <span class='ocrx_word' id='word_1_405' title='bbox 668 3726 769 3825; x_wconf 82' lang='lat' dir='ltr'><strong>priua</strong></span> <span class='ocrx_word' id='word_1_406' title='bbox 803 3737 902 3798; x_wconf 85' lang='lat' dir='ltr'><strong>actor</strong></span> <span class='ocrx_word' id='word_1_407' title='bbox 920 3727 952 3816; x_wconf 75' lang='grc'><strong>6)</strong></span> <span class='ocrx_word' id='word_1_408' title='bbox 986 3729 1157 3800; x_wconf 87' lang='lat' dir='ltr'><strong>actionem</strong></span> <span class='ocrx_word' id='word_1_409' title='bbox 1187 3725 1342 3797; x_wconf 82' lang='lat' dir='ltr'><strong>mandeti</strong></span> <span class='ocrx_word' id='word_1_410' title='bbox 1375 3723 1419 3795; x_wconf 86' lang='lat' dir='ltr'><strong>ud</strong></span> <span class='ocrx_word' id='word_1_411' title='bbox 1453 3725 1573 3798; x_wconf 89' lang='lat' dir='ltr'><strong>decem</strong></span> <span class='ocrx_word' id='word_1_412' title='bbox 1602 3725 1774 3821; x_wconf 86' lang='lat' dir='ltr'><strong>petendu,</strong></span> <span class='ocrx_word' id='word_1_413' title='bbox 1815 3739 1850 3798; x_wconf 91' lang='lat' dir='ltr'><strong>et</strong></span> <span class='ocrx_word' id='word_1_414' title='bbox 1876 3725 1999 3799; x_wconf 83' lang='lat' dir='ltr'><strong>habuit</strong></span> <span class='ocrx_word' id='word_1_415' title='bbox 2017 3763 2050 3816; x_wconf 83' lang='lat'><strong>³⁰</strong></span> 
     </span>
     <span class='ocr_line' id='line_1_32' title="bbox 275 3825 1997 3926; baseline 0.001 -27"><span class='ocrx_word' id='word_1_416' title='bbox 275 3854 357 3902; x_wconf 89' lang='lat' dir='ltr'><strong>reus</strong></span> <span class='ocrx_word' id='word_1_417' title='bbox 391 3853 500 3926; x_wconf 79' lang='lat' dir='ltr'><strong>nuper</strong></span> <span class='ocrx_word' id='word_1_418' title='bbox 531 3826 599 3900; x_wconf 88' lang='lat' dir='ltr'><strong>hoc</strong></span> <span class='ocrx_word' id='word_1_419' title='bbox 631 3841 771 3926; x_wconf 85' lang='lat' dir='ltr'><strong>tempus</strong></span> <span class='ocrx_word' id='word_1_420' title='bbox 806 3827 850 3898; x_wconf 89' lang='lat' dir='ltr'><strong>ad</strong></span> <span class='ocrx_word' id='word_1_421' title='bbox 887 3825 1171 3920; x_wconf 87' lang='lat' dir='ltr'><strong>deliberandum,</strong></span> <span class='ocrx_word' id='word_1_422' title='bbox 1219 3839 1254 3900; x_wconf 92' lang='lat' dir='ltr'><strong>et</strong></span> <span class='ocrx_word' id='word_1_423' title='bbox 1290 3829 1443 3899; x_wconf 85' lang='lat' dir='ltr'><strong>iuratum</strong></span> <span class='ocrx_word' id='word_1_424' title='bbox 1482 3826 1551 3900; x_wconf 81' lang='lat' dir='ltr'><strong>tuit</strong></span> <span class='ocrx_word' id='word_1_425' title='bbox 1592 3827 1694 3898; x_wconf 86' lang='lat' dir='ltr'><strong>etium</strong></span> <span class='ocrx_word' id='word_1_426' title='bbox 1734 3827 1779 3900; x_wconf 90' lang='lat' dir='ltr'><strong>de</strong></span> <span class='ocrx_word' id='word_1_427' title='bbox 1813 3829 1997 3923; x_wconf 83' lang='lat' dir='ltr'><strong>calumnia,</strong></span> 
     </span>
     <span class='ocr_line' id='line_1_33' title="bbox 276 3926 1998 4028; baseline -0.001 -25"><span class='ocrx_word' id='word_1_428' title='bbox 276 3945 359 4027; x_wconf 86' lang='lat' dir='ltr'><strong>post</strong></span> <span class='ocrx_word' id='word_1_429' title='bbox 442 3932 591 4003; x_wconf 86' lang='lat' dir='ltr'><strong>mutavit</strong></span> <span class='ocrx_word' id='word_1_430' title='bbox 635 3932 810 4004; x_wconf 79' lang='lat' dir='ltr'><strong>actionem</strong></span> <span class='ocrx_word' id='word_1_431' title='bbox 856 3941 892 4002; x_wconf 90' lang='lat' dir='ltr'><strong>et</strong></span> <span class='ocrx_word' id='word_1_432' title='bbox 929 3928 1038 4002; x_wconf 84' lang='lat' dir='ltr'><strong>edidit</strong></span> <span class='ocrx_word' id='word_1_433' title='bbox 1082 3933 1168 4004; x_wconf 87' lang='lat' dir='ltr'><strong>certi</strong></span> <span class='ocrx_word' id='word_1_434' title='bbox 1217 3926 1473 4002; x_wconf 86' lang='lat' dir='ltr'><strong>condictionem</strong></span> <span class='ocrx_word' id='word_1_435' title='bbox 1519 3927 1563 4000; x_wconf 90' lang='lat' dir='ltr'><strong>ad</strong></span> <span class='ocrx_word' id='word_1_436' title='bbox 1609 3928 1730 4002; x_wconf 86' lang='lat' dir='ltr'><strong>eadem</strong></span> <span class='ocrx_word' id='word_1_437' title='bbox 1777 3929 1897 4004; x_wconf 90' lang='lat' dir='ltr'><strong>decem</strong></span> <span class='ocrx_word' id='word_1_438' title='bbox 1936 3958 1998 4028; x_wconf 90' lang='lat' dir='ltr'><strong>pe·</strong></span> 
     </span>
     <span class='ocr_line' id='line_1_34' title="bbox 276 4030 1998 4132; baseline 0.001 -28"><span class='ocrx_word' id='word_1_439' title='bbox 276 4033 402 4128; x_wconf 75' lang='lat' dir='ltr'><strong>tende,</strong></span> <span class='ocrx_word' id='word_1_440' title='bbox 441 4046 545 4126; x_wconf 88' lang='lat' dir='ltr'><strong>tunc,</strong></span> <span class='ocrx_word' id='word_1_441' title='bbox 585 4033 668 4132; x_wconf 88' lang='lat' dir='ltr'><strong>quia</strong></span> <span class='ocrx_word' id='word_1_442' title='bbox 702 4031 822 4104; x_wconf 85' lang='lat' dir='ltr'><strong>cadem</strong></span> <span class='ocrx_word' id='word_1_443' title='bbox 855 4057 913 4105; x_wconf 85' lang='lat' dir='ltr'><strong>res</strong></span> <span class='ocrx_word' id='word_1_444' title='bbox 942 4033 1079 4130; x_wconf 88' lang='lat' dir='ltr'><strong>petitur</strong></span> <span class='ocrx_word' id='word_1_445' title='bbox 1108 4043 1144 4104; x_wconf 92' lang='lat' dir='ltr'><strong>et</strong></span> <span class='ocrx_word' id='word_1_446' title='bbox 1170 4057 1214 4106; x_wconf 83' lang='lat' dir='ltr'><strong>ex</strong></span> <span class='ocrx_word' id='word_1_447' title='bbox 1238 4030 1359 4104; x_wconf 90' lang='lat' dir='ltr'><strong>cadem</strong></span> <span class='ocrx_word' id='word_1_448' title='bbox 1392 4056 1493 4103; x_wconf 87' lang='lat' dir='ltr'><strong>causa</strong></span> <span class='ocrx_word' id='word_1_449' title='bbox 1520 4057 1584 4127; x_wconf 86' lang='lat' dir='ltr'><strong>per</strong></span> <span class='ocrx_word' id='word_1_450' title='bbox 1610 4031 1799 4103; x_wconf 79' lang='lat' dir='ltr'><strong>secundam</strong></span> <span class='ocrx_word' id='word_1_451' title='bbox 1826 4033 1998 4107; x_wconf 87' lang='lat' dir='ltr'><strong>actionem</strong></span> 
     </span>
     <span class='ocr_line' id='line_1_35' title="bbox 276 4130 1996 4234; baseline 0 -28"><span class='ocrx_word' id='word_1_452' title='bbox 276 4136 425 4230; x_wconf 87' lang='lat' dir='ltr'><strong>petitur,</strong></span> <span class='ocrx_word' id='word_1_453' title='bbox 454 4135 559 4209; x_wconf 70' lang='lat' dir='ltr'><strong>&#39;liene</strong></span> <span class='ocrx_word' id='word_1_454' title='bbox 584 4145 702 4234; x_wconf 87' lang='lat' dir='ltr'><strong>potest</strong></span> <span class='ocrx_word' id='word_1_455' title='bbox 728 4134 875 4230; x_wconf 70' lang='lat' dir='ltr'><strong>mutari,</strong></span> <span class='ocrx_word' id='word_1_456' title='bbox 918 4160 991 4206; x_wconf 92' lang='lat' dir='ltr'><strong>nou</strong></span> <span class='ocrx_word' id='word_1_457' title='bbox 1022 4135 1114 4206; x_wconf 89' lang='lat' dir='ltr'><strong>enim</strong></span> <span class='ocrx_word' id='word_1_458' title='bbox 1141 4135 1280 4205; x_wconf 86' lang='lat' dir='ltr'><strong>iuratur</strong></span> <span class='ocrx_word' id='word_1_459' title='bbox 1311 4158 1420 4229; x_wconf 81' lang='lat' dir='ltr'><strong>super</strong></span> <span class='ocrx_word' id='word_1_460' title='bbox 1450 4133 1586 4206; x_wconf 86' lang='lat' dir='ltr'><strong>actione</strong></span> <span class='ocrx_word' id='word_1_461' title='bbox 1602 4130 1657 4228; x_wconf 77' lang='lat'><strong>⁷),</strong></span> <span class='ocrx_word' id='word_1_462' title='bbox 1699 4131 1762 4204; x_wconf 86' lang='lat' dir='ltr'><strong>sed</strong></span> <span class='ocrx_word' id='word_1_463' title='bbox 1784 4158 1892 4232; x_wconf 84' lang='lat' dir='ltr'><strong>super</strong></span> <span class='ocrx_word' id='word_1_464' title='bbox 1917 4135 1996 4232; x_wconf 87' lang='lat' dir='ltr'><strong>ipso</strong></span> 
     </span>
     <span class='ocr_line' id='line_1_36' title="bbox 274 4233 2046 4334; baseline 0.002 -29"><span class='ocrx_word' id='word_1_465' title='bbox 274 4235 368 4310; x_wconf 87' lang='lat' dir='ltr'><strong>l&#39;acto</strong></span> <span class='ocrx_word' id='word_1_466' title='bbox 396 4249 430 4310; x_wconf 89' lang='lat' dir='ltr'><strong>et</strong></span> <span class='ocrx_word' id='word_1_467' title='bbox 456 4264 577 4332; x_wconf 76' lang='lat' dir='ltr'><strong>canoa,</strong></span> <span class='ocrx_word' id='word_1_468' title='bbox 602 4237 728 4310; x_wconf 91' lang='lat' dir='ltr'><strong>merito</strong></span> <span class='ocrx_word' id='word_1_469' title='bbox 756 4261 861 4330; x_wconf 75' lang='lat' dir='ltr'><strong>ergo,</strong></span> <span class='ocrx_word' id='word_1_470' title='bbox 893 4236 1087 4310; x_wconf 88' lang='lat' dir='ltr'><strong>cumidem</strong></span> <span class='ocrx_word' id='word_1_471' title='bbox 1113 4237 1160 4309; x_wconf 83' lang='lat' dir='ltr'><strong>sit</strong></span> <span class='ocrx_word' id='word_1_472' title='bbox 1186 4237 1319 4308; x_wconf 82' lang='lat' dir='ltr'><strong>luctum</strong></span> <span class='ocrx_word' id='word_1_473' title='bbox 1336 4233 1371 4332; x_wconf 80' lang='grc'><strong>8)</strong></span> <span class='ocrx_word' id='word_1_474' title='bbox 1395 4247 1430 4306; x_wconf 90' lang='lat' dir='ltr'><strong>et</strong></span> <span class='ocrx_word' id='word_1_475' title='bbox 1455 4259 1582 4328; x_wconf 86' lang='lat' dir='ltr'><strong>causa,</strong></span> <span class='ocrx_word' id='word_1_476' title='bbox 1611 4245 1733 4334; x_wconf 82' lang='lat' dir='ltr'><strong>potent</strong></span> <span class='ocrx_word' id='word_1_477' title='bbox 1753 4239 1900 4330; x_wconf 73' lang='lat' dir='ltr'><strong>mutari,</strong></span> <span class='ocrx_word' id='word_1_478' title='bbox 1926 4263 1995 4308; x_wconf 92' lang='lat' dir='ltr'><strong>nou</strong></span> <span class='ocrx_word' id='word_1_479' title='bbox 2015 4272 2046 4324; x_wconf 81' lang='lat'><strong>³5</strong></span> 
     </span>
    </p>
   </div>
   <div class='ocr_carea' id='block_1_7' title="bbox 266 4483 2025 5386">
    <p class='ocr_par' dir='ltr' id='par_1_9' title="bbox 315 4483 1995 4774">
     <span class='ocr_line' id='line_1_37' title="bbox 316 4483 1995 4574; baseline 0.001 -22"><span class='ocrx_word' id='word_1_480' title='bbox 316 4491 354 4573; x_wconf 85' lang='lat'><strong>7)</strong></span> <span class='ocrx_word' id='word_1_481' title='bbox 397 4486 447 4554; x_wconf 79' lang='lat' dir='ltr'><strong>of.</strong></span> <span class='ocrx_word' id='word_1_482' title='bbox 457 4489 560 4555; x_wconf 78' lang='lat' dir='ltr'><strong>Gloaa.</strong></span> <span class='ocrx_word' id='word_1_483' title='bbox 572 4494 607 4556; x_wconf 88' lang='lat' dir='ltr'><strong>in</strong></span> <span class='ocrx_word' id='word_1_484' title='bbox 622 4493 834 4558; x_wconf 72' lang='lat' dir='ltr'><strong>uincerturu.</strong></span> <span class='ocrx_word' id='word_1_485' title='bbox 845 4499 879 4554; x_wconf 88' lang='lat' dir='ltr'><strong>et</strong></span> <span class='ocrx_word' id='word_1_486' title='bbox 891 4488 914 4553; x_wconf 80' lang='grc'><strong>1</strong></span> <span class='ocrx_word' id='word_1_487' title='bbox 927 4487 1100 4555; x_wconf 73' lang='grc' dir='ltr'><strong>Ι.ίιιιιοι.9.</strong></span> <span class='ocrx_word' id='word_1_488' title='bbox 1211 4488 1249 4574; x_wconf 85' lang='grc'><strong>3)</strong></span> <span class='ocrx_word' id='word_1_489' title='bbox 1292 4487 1332 4552; x_wconf 89' lang='grc' dir='ltr'><strong>Β.</strong></span> <span class='ocrx_word' id='word_1_490' title='bbox 1344 4487 1443 4553; x_wconf 73' lang='lat' dir='ltr'><strong>adda</strong></span> <span class='ocrx_word' id='word_1_491' title='bbox 1458 4498 1513 4556; x_wconf 76' lang='lat' dir='ltr'><strong>„ut</strong></span> <span class='ocrx_word' id='word_1_492' title='bbox 1525 4487 1680 4574; x_wconf 81' lang='lat' dir='ltr'><strong>urg.Dig.</strong></span> <span class='ocrx_word' id='word_1_493' title='bbox 1696 4489 1738 4552; x_wconf 89' lang='lat' dir='ltr'><strong>da</strong></span> <span class='ocrx_word' id='word_1_494' title='bbox 1754 4487 1862 4552; x_wconf 83' lang='lat' dir='ltr'><strong>damn.</strong></span> <span class='ocrx_word' id='word_1_495' title='bbox 1877 4483 1934 4551; x_wconf 82' lang='lat' dir='ltr'><strong>int&#39;.</strong></span> <span class='ocrx_word' id='word_1_496' title='bbox 1942 4485 1995 4569; x_wconf 83' lang='grc'><strong>39,</strong></span> 
     </span>
     <span class='ocr_line' id='line_1_38' title="bbox 316 4586 1995 4678; baseline 0.002 -25"><span class='ocrx_word' id='word_1_497' title='bbox 316 4589 354 4673; x_wconf 87' lang='lat'><strong>8)</strong></span> <span class='ocrx_word' id='word_1_498' title='bbox 392 4597 485 4674; x_wconf 78' lang='lat' dir='ltr'><strong>sorte.</strong></span> <span class='ocrx_word' id='word_1_499' title='bbox 499 4589 536 4654; x_wconf 90' lang='lat' dir='ltr'><strong>P.</strong></span> <span class='ocrx_word' id='word_1_500' title='bbox 551 4591 623 4656; x_wconf 91' lang='grc'><strong>1.9.</strong></span> <span class='ocrx_word' id='word_1_501' title='bbox 641 4591 680 4658; x_wconf 86' lang='lat' dir='ltr'><strong>G.</strong></span> <span class='ocrx_word' id='word_1_502' title='bbox 697 4627 738 4642; x_wconf 91' lang='lat'><strong>-··</strong></span> <span class='ocrx_word' id='word_1_503' title='bbox 751 4592 790 4658; x_wconf 92' lang='lat' dir='ltr'><strong>B.</strong></span> <span class='ocrx_word' id='word_1_504' title='bbox 804 4611 867 4658; x_wconf 88' lang='lat' dir='ltr'><strong>om.</strong></span> <span class='ocrx_word' id='word_1_505' title='bbox 1171 4590 1221 4656; x_wconf 77' lang='grc'><strong>»9.</strong></span> <span class='ocrx_word' id='word_1_506' title='bbox 1244 4589 1267 4657; x_wconf 92' lang='grc' dir='ltr'><strong>Ι.</strong></span> <span class='ocrx_word' id='word_1_507' title='bbox 1290 4593 1321 4658; x_wconf 81' lang='lat' dir='ltr'><strong>si</strong></span> <span class='ocrx_word' id='word_1_508' title='bbox 1342 4591 1432 4656; x_wconf 86' lang='lat' dir='ltr'><strong>bona</strong></span> <span class='ocrx_word' id='word_1_509' title='bbox 1454 4590 1528 4656; x_wconf 87' lang='lat' dir='ltr'><strong>fide.</strong></span> <span class='ocrx_word' id='word_1_510' title='bbox 1545 4589 1593 4657; x_wconf 82' lang='grc'><strong>13.</strong></span> <span class='ocrx_word' id='word_1_511' title='bbox 1617 4589 1646 4678; x_wconf 86' lang='lat'><strong>§.</strong></span> <span class='ocrx_word' id='word_1_512' title='bbox 1668 4590 1697 4655; x_wconf 87' lang='lat' dir='ltr'><strong>si</strong></span> <span class='ocrx_word' id='word_1_513' title='bbox 1720 4589 1794 4674; x_wconf 76' lang='lat' dir='ltr'><strong>quain</strong></span> <span class='ocrx_word' id='word_1_514' title='bbox 1809 4586 1995 4672; x_wconf 77' lang='lat' dir='ltr'><strong>stipulatus.</strong></span> 
     </span>
     <span class='ocr_line' id='line_1_39' title="bbox 315 4689 1264 4774; baseline 0 -18"><span class='ocrx_word' id='word_1_515' title='bbox 315 4691 357 4772; x_wconf 88' lang='grc'><strong>9)</strong></span> <span class='ocrx_word' id='word_1_516' title='bbox 399 4695 585 4772; x_wconf 76' lang='lat' dir='ltr'><strong>compellunt</strong></span> <span class='ocrx_word' id='word_1_517' title='bbox 597 4701 728 4757; x_wconf 77' lang='lat' dir='ltr'><strong>actorem</strong></span> <span class='ocrx_word' id='word_1_518' title='bbox 742 4698 786 4758; x_wconf 87' lang='lat' dir='ltr'><strong>ud</strong></span> <span class='ocrx_word' id='word_1_519' title='bbox 798 4692 971 4774; x_wconf 60' lang='lat' dir='ltr'><strong>asymam</strong></span> <span class='ocrx_word' id='word_1_520' title='bbox 982 4691 1046 4756; x_wconf 84' lang='grc'><strong>19.</strong></span> <span class='ocrx_word' id='word_1_521' title='bbox 1057 4689 1099 4758; x_wconf 88' lang='lat' dir='ltr'><strong>G.</strong></span> <span class='ocrx_word' id='word_1_522' title='bbox 1170 4693 1264 4760; x_wconf 73' lang='lat' dir='ltr'><strong>„lu”</strong></span> 
     </span>
    </p>

    <p class='ocr_par' dir='ltr' id='par_1_10' title="bbox 274 4791 2025 5080">
     <span class='ocr_line' id='line_1_40' title="bbox 274 4791 1959 4879; baseline -0.001 -21"><span class='ocrx_word' id='word_1_523' title='bbox 274 4831 314 4844; x_wconf 91' lang='lat'><strong>—-</strong></span> <span class='ocrx_word' id='word_1_524' title='bbox 328 4793 380 4858; x_wconf 85' lang='grc' dir='ltr'><strong>ΑΙ.</strong></span> <span class='ocrx_word' id='word_1_525' title='bbox 395 4791 621 4878; x_wconf 65' lang='lat' dir='ltr'><strong>»compellitur</strong></span> <span class='ocrx_word' id='word_1_526' title='bbox 633 4791 677 4856; x_wconf 86' lang='lat' dir='ltr'><strong>ad</strong></span> <span class='ocrx_word' id='word_1_527' title='bbox 691 4792 830 4878; x_wconf 76' lang='lat' dir='ltr'><strong>eligend</strong></span> <span class='ocrx_word' id='word_1_528' title='bbox 846 4793 1022 4861; x_wconf 82' lang='lat' dir='ltr'><strong>actorem.”</strong></span> <span class='ocrx_word' id='word_1_529' title='bbox 1036 4792 1073 4857; x_wconf 76' lang='lat' dir='ltr'><strong>a</strong></span> <span class='ocrx_word' id='word_1_530' title='bbox 1205 4795 1244 4879; x_wconf 83' lang='grc'><strong>4)</strong></span> <span class='ocrx_word' id='word_1_531' title='bbox 1288 4801 1380 4859; x_wconf 77' lang='lat' dir='ltr'><strong>circa.</strong></span> <span class='ocrx_word' id='word_1_532' title='bbox 1395 4792 1433 4859; x_wconf 90' lang='lat' dir='ltr'><strong>P.</strong></span> <span class='ocrx_word' id='word_1_533' title='bbox 1441 4793 1467 4857; x_wconf 93' lang='grc'><strong>1.</strong></span> <span class='ocrx_word' id='word_1_534' title='bbox 1485 4793 1517 4857; x_wconf 88' lang='grc'><strong>9.</strong></span> <span class='ocrx_word' id='word_1_535' title='bbox 1532 4793 1573 4859; x_wconf 86' lang='lat' dir='ltr'><strong>G.</strong></span> <span class='ocrx_word' id='word_1_536' title='bbox 1588 4829 1630 4842; x_wconf 89' lang='lat'><strong>-·</strong></span> <span class='ocrx_word' id='word_1_537' title='bbox 1644 4791 1696 4858; x_wconf 81' lang='lat' dir='ltr'><strong>At</strong></span> <span class='ocrx_word' id='word_1_538' title='bbox 1713 4801 1767 4858; x_wconf 76' lang='lat' dir='ltr'><strong>„ct</strong></span> <span class='ocrx_word' id='word_1_539' title='bbox 1782 4791 1906 4858; x_wconf 85' lang='lat' dir='ltr'><strong>eirca.”</strong></span> <span class='ocrx_word' id='word_1_540' title='bbox 1920 4791 1959 4857; x_wconf 88' lang='lat' dir='ltr'><strong>B.</strong></span> 
     </span>
     <span class='ocr_line' id='line_1_41' title="bbox 317 4891 2025 4982; baseline -0.001 -23"><span class='ocrx_word' id='word_1_541' title='bbox 317 4895 377 4973; x_wconf 86' lang='grc'><strong>10)</strong></span> <span class='ocrx_word' id='word_1_542' title='bbox 419 4893 645 4976; x_wconf 61' lang='lat' dir='ltr'><strong>umdemssffl.</strong></span> <span class='ocrx_word' id='word_1_543' title='bbox 656 4892 721 4958; x_wconf 91' lang='grc'><strong>1.9.</strong></span> <span class='ocrx_word' id='word_1_544' title='bbox 738 4924 777 4940; x_wconf 85' lang='lat'><strong>—-</strong></span> <span class='ocrx_word' id='word_1_545' title='bbox 793 4891 1094 4982; x_wconf 74' lang='lat' dir='ltr'><strong>Alnquidem.’&#39;G.</strong></span> <span class='ocrx_word' id='word_1_546' title='bbox 1203 4895 1242 4978; x_wconf 82' lang='lat'><strong>5)</strong></span> <span class='ocrx_word' id='word_1_547' title='bbox 1284 4899 1331 4961; x_wconf 84' lang='lat' dir='ltr'><strong>ad.</strong></span> <span class='ocrx_word' id='word_1_548' title='bbox 1347 4895 1385 4960; x_wconf 94' lang='lat' dir='ltr'><strong>P.</strong></span> <span class='ocrx_word' id='word_1_549' title='bbox 1395 4895 1425 4960; x_wconf 90' lang='lat'><strong>1.</strong></span> <span class='ocrx_word' id='word_1_550' title='bbox 1439 4893 1471 4960; x_wconf 87' lang='grc'><strong>9.</strong></span> <span class='ocrx_word' id='word_1_551' title='bbox 1487 4893 1635 4960; x_wconf 89' lang='lat' dir='ltr'><strong>G.-B.</strong></span> <span class='ocrx_word' id='word_1_552' title='bbox 1651 4913 1714 4958; x_wconf 90' lang='lat' dir='ltr'><strong>om.</strong></span> <span class='ocrx_word' id='word_1_553' title='bbox 2010 4895 2025 4944; x_wconf 85' lang='lat'>5</span> 
     </span>
     <span class='ocr_line' id='line_1_42' title="bbox 317 4991 1767 5080; baseline 0 -20"><span class='ocrx_word' id='word_1_554' title='bbox 317 4997 374 5080; x_wconf 94' lang='grc'><strong>11)</strong></span> <span class='ocrx_word' id='word_1_555' title='bbox 418 4991 468 5060; x_wconf 80' lang='lat' dir='ltr'><strong>Cf.</strong></span> <span class='ocrx_word' id='word_1_556' title='bbox 484 4995 589 5060; x_wconf 79' lang='lat' dir='ltr'><strong>Gloaa.</strong></span> <span class='ocrx_word' id='word_1_557' title='bbox 604 4997 638 5060; x_wconf 90' lang='lat' dir='ltr'><strong>ln</strong></span> <span class='ocrx_word' id='word_1_558' title='bbox 652 5014 681 5059; x_wconf 87' lang='lat' dir='ltr'><strong>v.</strong></span> <span class='ocrx_word' id='word_1_559' title='bbox 697 4995 917 5076; x_wconf 83' lang='lat' dir='ltr'><strong>exciperetur.</strong></span> <span class='ocrx_word' id='word_1_560' title='bbox 1203 4996 1245 5071; x_wconf 87' lang='grc'><strong>6)</strong></span> <span class='ocrx_word' id='word_1_561' title='bbox 1288 4996 1469 5062; x_wconf 66' lang='lat' dir='ltr'><strong>acroam.</strong></span> <span class='ocrx_word' id='word_1_562' title='bbox 1485 4997 1516 5062; x_wconf 91' lang='grc'><strong>9.</strong></span> <span class='ocrx_word' id='word_1_563' title='bbox 1532 4994 1767 5062; x_wconf 87' lang='lat' dir='ltr'><strong>G.—B.om.</strong></span> 
     </span>
    </p>

    <p class='ocr_par' dir='ltr' id='par_1_11' title="bbox 318 5093 1995 5182">
     <span class='ocr_line' id='line_1_43' title="bbox 318 5093 1995 5182; baseline 0.004 -22"><span class='ocrx_word' id='word_1_564' title='bbox 318 5095 353 5180; x_wconf 95' lang='grc'><strong>1)</strong></span> <span class='ocrx_word' id='word_1_565' title='bbox 396 5103 543 5160; x_wconf 78' lang='lat' dir='ltr'><strong>ataiuou</strong></span> <span class='ocrx_word' id='word_1_566' title='bbox 556 5103 597 5158; x_wconf 85' lang='lat' dir='ltr'><strong>ait</strong></span> <span class='ocrx_word' id='word_1_567' title='bbox 611 5101 675 5160; x_wconf 79' lang='lat' dir='ltr'><strong>ude.</strong></span> <span class='ocrx_word' id='word_1_568' title='bbox 690 5093 925 5162; x_wconf 83' lang='lat' dir='ltr'><strong>P.1.G.-B.</strong></span> <span class='ocrx_word' id='word_1_569' title='bbox 939 5098 1015 5162; x_wconf 87' lang='grc' dir='ltr'><strong>Ρ.9.</strong></span> <span class='ocrx_word' id='word_1_570' title='bbox 1030 5117 1094 5162; x_wconf 87' lang='lat' dir='ltr'><strong>om.</strong></span> <span class='ocrx_word' id='word_1_571' title='bbox 1205 5098 1242 5182; x_wconf 84' lang='grc'><strong>7)</strong></span> <span class='ocrx_word' id='word_1_572' title='bbox 1285 5107 1415 5164; x_wconf 73' lang='lat' dir='ltr'><strong>acdona.</strong></span> <span class='ocrx_word' id='word_1_573' title='bbox 1437 5098 1473 5164; x_wconf 90' lang='lat' dir='ltr'><strong>P.</strong></span> <span class='ocrx_word' id='word_1_574' title='bbox 1488 5101 1517 5164; x_wconf 88' lang='grc'><strong>9.</strong></span> <span class='ocrx_word' id='word_1_575' title='bbox 1543 5097 1582 5163; x_wconf 87' lang='lat' dir='ltr'><strong>G.</strong></span> <span class='ocrx_word' id='word_1_576' title='bbox 1610 5134 1647 5145; x_wconf 89' lang='lat'>-</span> <span class='ocrx_word' id='word_1_577' title='bbox 1670 5098 1724 5164; x_wconf 85' lang='lat' dir='ltr'><strong>Al.</strong></span> <span class='ocrx_word' id='word_1_578' title='bbox 1745 5099 1874 5182; x_wconf 74' lang='lat' dir='ltr'><strong>„ipsum</strong></span> <span class='ocrx_word' id='word_1_579' title='bbox 1895 5098 1995 5166; x_wconf 72' lang='lat' dir='ltr'><strong>notio·</strong></span> 
     </span>
    </p>

    <p class='ocr_par' dir='ltr' id='par_1_12' title="bbox 266 5186 1576 5283">
     <span class='ocr_line' id='line_1_44' title="bbox 266 5186 1576 5283; baseline 0 -21"><span class='ocrx_word' id='word_1_580' title='bbox 266 5189 273 5238; x_wconf 35' lang='grc' dir='ltr'><strong>ι’</strong></span> <span class='ocrx_word' id='word_1_581' title='bbox 315 5198 353 5281; x_wconf 93' lang='grc'><strong>9)</strong></span> <span class='ocrx_word' id='word_1_582' title='bbox 395 5202 528 5281; x_wconf 72' lang='lat' dir='ltr'><strong>putidae.</strong></span> <span class='ocrx_word' id='word_1_583' title='bbox 544 5196 677 5283; x_wconf 63' lang='lat' dir='ltr'><strong>aquid„</strong></span> <span class='ocrx_word' id='word_1_584' title='bbox 691 5196 728 5262; x_wconf 91' lang='lat' dir='ltr'><strong>B.</strong></span> <span class='ocrx_word' id='word_1_585' title='bbox 750 5231 792 5244; x_wconf 87' lang='lat'><em>-</em></span> <span class='ocrx_word' id='word_1_586' title='bbox 815 5186 950 5282; x_wconf 55' lang='lat' dir='ltr'><strong>„quiue</strong></span> <span class='ocrx_word' id='word_1_587' title='bbox 970 5199 1007 5262; x_wconf 92' lang='lat' dir='ltr'><strong>P.</strong></span> <span class='ocrx_word' id='word_1_588' title='bbox 1020 5199 1047 5262; x_wconf 97' lang='grc'><strong>1.</strong></span> <span class='ocrx_word' id='word_1_589' title='bbox 1062 5199 1092 5262; x_wconf 89' lang='grc'><strong>9.</strong></span> <span class='ocrx_word' id='word_1_590' title='bbox 1163 5199 1576 5266; x_wconf 77' lang='lat' dir='ltr'><strong>„nem&#39;&#39;B.-P.l.om.</strong></span> 
     </span>
    </p>

    <p class='ocr_par' dir='ltr' id='par_1_13' title="bbox 272 5297 1995 5386">
     <span class='ocr_line' id='line_1_45' title="bbox 272 5297 1995 5386; baseline 0.001 -22"><span class='ocrx_word' id='word_1_591' title='bbox 272 5335 314 5345; x_wconf 89' lang='lat'>-</span> <span class='ocrx_word' id='word_1_592' title='bbox 329 5297 381 5364; x_wconf 79' lang='lat' dir='ltr'><strong>Al.</strong></span> <span class='ocrx_word' id='word_1_593' title='bbox 398 5299 522 5386; x_wconf 69' lang='lat' dir='ltr'><strong>„quie”</strong></span> <span class='ocrx_word' id='word_1_594' title='bbox 537 5297 644 5383; x_wconf 77' lang='lat' dir='ltr'><strong>(vulg.</strong></span> <span class='ocrx_word' id='word_1_595' title='bbox 658 5297 752 5383; x_wconf 87' lang='lat' dir='ltr'><strong>leet)</strong></span> <span class='ocrx_word' id='word_1_596' title='bbox 769 5297 809 5364; x_wconf 90' lang='lat' dir='ltr'><strong>G.</strong></span> <span class='ocrx_word' id='word_1_597' title='bbox 1204 5300 1242 5384; x_wconf 86' lang='grc'><strong>8)</strong></span> <span class='ocrx_word' id='word_1_598' title='bbox 1281 5307 1410 5385; x_wconf 75' lang='lat' dir='ltr'><strong>sartum.</strong></span> <span class='ocrx_word' id='word_1_599' title='bbox 1425 5302 1464 5368; x_wconf 90' lang='lat' dir='ltr'><strong>P.</strong></span> <span class='ocrx_word' id='word_1_600' title='bbox 1476 5301 1502 5368; x_wconf 86' lang='lat'><strong>1.</strong></span> <span class='ocrx_word' id='word_1_601' title='bbox 1509 5301 1540 5366; x_wconf 90' lang='grc'><strong>9.</strong></span> <span class='ocrx_word' id='word_1_602' title='bbox 1556 5300 1596 5367; x_wconf 87' lang='lat' dir='ltr'><strong>G.</strong></span> <span class='ocrx_word' id='word_1_603' title='bbox 1608 5339 1647 5350; x_wconf 87' lang='lat'><strong>--</strong></span> <span class='ocrx_word' id='word_1_604' title='bbox 1658 5298 1710 5364; x_wconf 87' lang='grc' dir='ltr'><strong>ΑΙ.</strong></span> <span class='ocrx_word' id='word_1_605' title='bbox 1727 5302 1943 5385; x_wconf 75' lang='lat' dir='ltr'><strong>„negotium”</strong></span> <span class='ocrx_word' id='word_1_606' title='bbox 1957 5300 1995 5366; x_wconf 87' lang='lat' dir='ltr'><strong>B.</strong></span> 
     </span>
    </p>
   </div>
   <div class='ocr_carea' id='block_1_8' title="bbox 1786 5451 1815 5526">
    <p class='ocr_par' dir='ltr' id='par_1_14' title="bbox 1786 5451 1815 5526">
     <span class='ocr_line' id='line_1_46' title="bbox 1786 5451 1815 5526; baseline 0 0"><span class='ocrx_word' id='word_1_607' title='bbox 1786 5451 1815 5526; x_wconf 76' lang='lat'>5</span> 
     </span>
    </p>
   </div>
   <div class='ocr_carea' id='block_1_9' title="bbox 0 0 2410 5960">
    <p class='ocr_par' dir='ltr' id='par_1_15' title="bbox 0 0 2410 5960">
     <span class='ocr_line' id='line_1_47' title="bbox 0 0 2410 5960; baseline 0 0"><span class='ocrx_word' id='word_1_608' title='bbox 0 0 2410 5960; x_wconf 95' lang='lat' dir='ltr'><strong> </strong></span> 
     </span>
    </p>
   </div>
  </div>
 </body>
</html>
