4810 5962
504 556 572 641 (De
586 555 689 622 libelli
703 553 910 624 confectione
926 567 958 622 et
972 562 1191 641 porrectione.
1207 595 1248 608 —
1276 557 1328 627 De
1344 556 1620 624 satisdationibus.
1664 557 1694 645 §.
1712 559 1757 644 l.)
1982 564 2005 628 5

291 747 387 846 quod
420 743 512 818 in'l'ra
544 747 635 822 duos
667 773 804 822 menses
835 745 931 820 litem
959 747 1237 840 contestabitur,
1265 748 1342 840 vel,
1371 749 1403 818 si
1427 773 1500 819 non
1519 747 1625 820 luerit
1651 748 1748 822 litem
1772 755 2006 845 contestatus,

291 875 394 920 omne
419 847 646 922 damnum'in
670 851 816 947 duplum
841 851 1005 922 resarciet
1030 877 1118 943 reo,
1145 853 1194 922 ita
1221 862 1337 922 tamen
1364 865 1404 920 nt
1428 848 1513 921 haec
1542 851 1655 922 enutio
1682 875 1752 922 non
1778 853 2003 927 transcendat

289 952 431 1045 triginta
456 975 519 1024 sex
545 977 684 1045 aureos,
714 964 754 1024 nt
781 950 931 1026 habetur
954 953 991 1023 in
1017 953 1081 1026 illo
1106 951 1216 1046 Autlr.
1243 949 1404 1022 libellum
1429 963 1495 1023 etc.
1514 949 1568 1048 ⁸);
1593 951 1675 1024 licet
1700 953 1844 1049 qnidam
1869 956 2000 1049 dicant,

290 1052 388 1151 quod
412 1053 614 1146 satisdatio,
653 1079 743 1152 quae
765 1055 964 1128 continetur
989 1054 1025 1126 in
1054 1056 1124 1126 isto
1149 1052 1258 1126 Auel.
1282 1051 1443 1124 libellum
1469 1064 1663 1144 verneto,
1695 1055 1844 1150 primum
1870 1058 1917 1129 sit
1943 1083 2001 1130 ex·

289 1155 471 1251 ponenda,
500 1157 583 1254 quia
607 1157 753 1253 respicit
777 1157 913 1228 initium
943 1181 1086 1250 carnae,
1115 1156 1177 1228 illa
1190 1181 1293 1248 vcro,
1320 1179 1409 1252 quoe
1429 1157 1629 1226 continetur
1649 1156 1686 1226 in
1700 1156 1810 1230 altero
1831 1157 1865 1256 9)
1892 1158 2001 1231 ΑιιῑΙι.
2019 1179 2038 1226 5·

290 1259 500 1349 generaliter
526 1268 642 1329 antem
669 1257 775 1330 iudex
796 1259 844 1347 10)
872 1269 957 1350 etc,
994 1270 1049 1330 est
1082 1258 1290 1355 exponenda
1320 1268 1464 1352 postea,
1505 1249 1671 1354 qnoniam
1705 1282 1827 1332 causae
1858 1261 2004 1358 respicit

288 1358 404 1430 linem.
460 1358 585 1433 Potest
616 1371 732 1432 tamen
767 1360 856 1452 dici,
897 1359 995 1457 qnod
1027 1359 1133 1432 index
1164 1361 1283 1432 statim
1310 1359 1453 1455 recipiat
1478 1356 1639 1430 libellum
1665 1370 1701 1430 et
1724 1371 1822 1432 actor
1848 1375 2004 1458 praestet

289 1471 473 1558 utramque
500 1463 692 1534 contionem
718 1462 879 1554 insimul,
915 1467 1103 1559 antequam
1127 1460 1234 1534 index
1262 1457 1418 1552 libellum
1443 1485 1504 1534 reo
1531 1462 1704 1556 porrigat,
1730 1462 1827 1558 quod
1852 1477 2004 1536 nonest

290 1559 461 1634 absonum
477 1562 591 1636 dicere
607 1563 666 1657 11).
719 1566 793 1634 llas
817 1589 966 1661 namque
988 1564 1169 1635 cautiones
1188 1562 1319 1636 nostris
1339 1559 1557 1659 temporibus
1572 1565 1759 1659 praestitas
1775 1589 1846 1636 non
1857 1566 1929 1636 vidi
1944 1568 2002 1664 ¹²).

390 1665 455 1734 llis
481 1666 589 1757 igitur
613 1666 665 1738 sic
691 1667 842 1760 peractis
870 1690 932 1736 reo
960 1663 1103 1736 libellus
1130 1665 1309 1736 offeratur.
1337 1673 1373 1734 et
1392 1661 1577 1736 satisdabit
1598 1664 1724 1736 iudicio
1746 1665 1821 1736 sisti
1846 1668 1883 1737 in
1907 1665 2002 1742 hunc
2022 1679 2053 1730 ¹⁰

262 1765 446 1836 'modumt
473 1766 590 1838 dendo
616 1767 766 1863 pignora
793 1766 850 1839 vel
876 1766 1122 1858 fideiussores,
1162 1765 1220 1838 vel
1244 1766 1446 1838 iuratoriam
1472 1766 1665 1838 cautionem
1691 1769 1918 1862 exponendo,
1946 1769 2003 1841 vel

288 1867 417 1938 nudam
439 1870 764 1964 repromissionem,
791 1867 983 1942 secundum
1010 1869 1214 1965 qualitatem
1240 1891 1433 1966 personae,
1461 1870 1553 1940 sient
1575 1867 1681 1940 iudex
1700 1871 1925 1964 prospexerit
1943 1870 2001 1966 ¹³).

289 1979 323 2038 et
346 1966 446 2041 dabit
467 1971 658 2066 sportulas.
680 1981 715 2042 et
734 1968 899 2063 gaudebit
912 1972 1027 2066 spatio
1046 1968 1094 2069 ¹¹)
1118 1970 1239 2064 viginti
1258 1970 1414 2060 dierum,
1441 1969 1498 2041 vel
1519 1966 1660 2040 brevius
1681 1981 1821 2066 tempus
1843 1969 2002 2064 habebit,

287 2069 481 2142 secundum
495 2071 591 2169 quod
607 2071 710 2143 iudici
725 2073 838 2144 visum
855 2073 978 2165 iirerit,
1003 2111 1055 2126 -
1081 2072 1175 2144 intra
1194 2071 1290 2169 quod
1308 2069 1503 2142 deliberare
1516 2071 1652 2166 possit,
1679 2069 1807 2144 velitne
1820 2071 1943 2145 cedere
1957 2099 2001 2144 an

288 2173 512 2266 contendere,
540 2172 597 2245 vel
611 2174 759 2246 iudicem
772 2198 956 2264 recusare,
984 2172 1040 2247 rel
1065 2173 1172 2245 alium
1192 2177 1223 2243 ei
1243 2175 1414 2246 associare
1435 2185 1522 2263 etc,
1550 2183 1590 2244 ut
1609 2172 1737 2243 dieitur
1756 2175 1793 2244 in
1815 2173 1878 2246 illo
1894 2173 2002 2248 aoth.
2021 2189 2052 2238 15

288 2275 463 2364 offeratur
482 2287 547 2348 etc.
563 2272 611 2373 15)
634 2317 683 2332 -
705 2276 872 2374 quoniam
892 2273 1048 2348 inducias
1065 2273 1128 2347 has
1150 2273 1255 2346 index
1280 2285 1414 2346 arctare
1433 2275 1583 2370 poterit,
1613 2285 1653 2345 ut
1671 2297 1745 2368 arg.
1766 2275 1846 2367 llig.
1865 2275 1910 2347 de
1931 2276 2003 2349 iud.

287 2371 324 2468 5,
339 2372 374 2446 l.
398 2375 421 2446 l.
447 2401 719 2474 nonnumquam.
746 2373 806 2448 79.
834 2388 869 2450 et
890 2377 971 2470 llig.
997 2377 1043 2448 de
1067 2402 1107 2448 re
1132 2375 1205 2447 iud.
1231 2373 1299 2468 42,
1324 2372 1357 2447 l.
1385 2375 1409 2446 l.
1430 2373 1470 2446 9.
1492 2387 1527 2448 et
1554 2399 1627 2467 erg.
1654 2375 1744 2448 Cod.
1768 2375 1812 2448 de
1840 2376 2002 2471 dilat5,

239 2486 249 2510 ⁸
289 2473 347 2548 ll.
375 2477 399 2548 l.
418 2474 451 2548 l.
476 2521 526 2534 -
553 2477 615 2550 sed
639 2478 780 2576 quidam
801 2477 943 2570 dicunt,
972 2478 1070 2576 quod
1087 2503 1176 2569 non,
1204 2479 1369 2577 quostiam
1387 2477 1482 2550 istud
1499 2476 1546 2574 ¹⁶)
1570 2475 1778 2550 beneficium
1792 2487 1847 2548 est
1862 2478 1950 2571 legis
1965 2491 2003 2551 et

288 2576 516 2673 beneficium,
554 2578 650 2677 quod
677 2580 782 2652 datur
806 2604 826 2648 u
853 2580 951 2673 lege,
996 2605 1066 2650 non
1097 2578 1205 2652 debet
1237 2579 1366 2651 auferri
1397 2605 1416 2650 a
1442 2579 1625 2651 iudicante.
1658 2603 1732 2671 urg.
1759 2579 1796 2648 iu
1821 2577 1930 2651 Antis.
1957 2581 2002 2652 de

287 2679 482 2774 dignitalib.
508 2680 618 2779 (Nou.
629 2677 690 2752 81.
717 2709 746 2753 c.
766 2677 801 2750 9.
827 2683 864 2750 in
888 2679 930 2780 l.)
957 2725 1008 2736 -
1035 2683 1198 2778 superior
1232 2694 1347 2754 autem
1380 2682 1500 2778 opinio
1534 2681 1645 2775 magis
1672 2694 1727 2751 est
1750 2682 1786 2750 iu
1809 2681 1937 2752 iudicio
1963 2683 2001 2752 in
2018 2697 2052 2750 20

286 2807 353 2854 usu
379 2784 554 2881 frequenti
572 2781 629 2882 ¹⁷).
683 2781 754 2855 Sed
782 2783 974 2855 iudicatum
1006 2784 1097 2856 solvi
1128 2781 1299 2856 satisdare
1332 2809 1406 2854 non
1435 2781 1541 2856 debet
1574 2783 1623 2875 is,
1669 2783 1730 2880 qui
1763 2807 1830 2854 suo
1860 2785 2001 2855 nomine

287 2886 515 2979 convenitur,
542 2896 583 2957 nt
608 2887 694 2957 lnst.
720 2884 764 2957 de
788 2883 910 2958 satisd.
928 2883 966 2977 4,
994 2883 1053 2957 11.
1082 2881 1198 2984 (59.)
1217 2883 1275 2984 ¹8).

387 2989 638 3059 Verumtamen
672 2986 775 3058 hodie
808 2988 1028 3059 tenacissimo
1059 2987 1240 3058 hominum
1273 2985 1486 3059 consuetudo
1520 2985 1617 3058 velut
1652 2986 1763 3058 l'errea
1798 2987 1834 3058 in
1861 2999 2000 3059 contra·

286 3090 375 3160 rium
402 3089 572 3185 tenet19).
624 3089 715 3160 Nom
748 3088 879 3159 iudices
911 3091 1027 3160 statim
1061 3087 1219 3160 libellum
1253 3089 1427 3186 accipiunt
1452 3085 1497 3158 ab
1524 3101 1663 3181 actore,
1706 3089 1801 3160 nullo
1828 3089 1999 3162 dictarum

284 3190 547 3262 satisdationem
575 3187 619 3258 nb
647 3215 689 3260 eo
716 3191 885 3286 praestita
913 3189 970 3261 uel
996 3201 1127 3262 exacta.
1179 3189 1249 3260 Sed
1273 3189 1319 3262 ab
1347 3202 1512 3288 utroque,
1539 3191 1560 3260 i.
1587 3217 1616 3262 e.
1644 3189 1689 3260 ab
1715 3202 1833 3264 actore
1860 3203 1896 3262 et
1922 3218 1997 3284 reo,
2017 3215 2050 3266 25

283 3290 379 3366 hona
405 3292 578 3388 accipiunt
601 3293 765 3390 pignora,
794 3292 935 3387 irrepsit
960 3292 1052 3362 enim
1077 3290 1181 3363 hodie
1209 3291 1342 3363 utilitas
1369 3293 1556 3390 pignorum
1569 3291 1639 3387 ²⁰),
1674 3292 1731 3364 vel
1758 3291 1998 3386 fideiussores,

283 3395 314 3465 si
339 3394 489 3492 pignora
511 3394 594 3465 dare
620 3420 691 3466 non
717 3404 887 3494 possunt,
912 3404 948 3466 et
976 3391 1044 3465 hoc
1070 3404 1219 3492 propter
1245 3419 1437 3492 expensos,
1466 3419 1556 3494 quae
1586 3393 1674 3466 liunt
1697 3395 1734 3465 iu
1761 3396 1874 3466 causis
1901 3408 1936 3469 et
1963 3397 2000 3467 iu

323 3647 362 3730 8)
406 3647 487 3714 Cod.
502 3647 545 3712 de
559 3645 603 3712 lit.
619 3655 705 3712 cont.
712 3645 746 3726 3,
760 3645 790 3712 9.
1173 3667 1218 3712 an
1228 3645 1516 3731 iudom-partit.
1524 3645 1554 3732 §.
1564 3645 1613 3712 16.
1622 3665 1713 3713 vers.
1728 3649 1809 3714 ltem
1817 3649 1999 3733 quaeritur,

324 3749 362 3832 9)
405 3751 513 3814 allero.
527 3749 564 3814 P.
576 3749 604 3812 1.
616 3746 793 3832 („ultere.”
808 3746 1105 3832 G.)·-··Al.„alio.''
1173 3770 1216 3814 an
1237 3750 1347 3815 iudex.
1390 3752 1539 3830 chclr'u.
1562 3751 1603 3813 Β.
1623 3753 1662 3815 Β.
1701 3748 1801 3835 §.aa
1819 3750 1890 3816 194.
1922 3771 1997 3836 pag.

282 3851 321 3916 B.
336 3885 378 3899 -
393 3849 506 3932 „illo”
519 3851 556 3916 P.
565 3851 596 3914 9.
1173 3848 1246 3916 335.
1262 3849 1335 3916 355.

327 3953 383 4036 10)
425 3957 534 4017 tudes.
549 3951 586 4016 Ρ.
596 3951 624 4016 l.
633 3951 663 4016 9.
681 3949 831 4018 e-al
846 3951 1029 4032 „indices”
1044 3951 1083 4016 Β.
1218 3951 1274 4036 19)
1319 3951 1609 4020 CeterumPillins
1631 3953 1757 4018 inistis
1778 3952 1997 4020 sadsdationi-

327 4056 382 4137 ll)
426 4052 478 4120 ef.
502 4058 541 4118 D.
557 4057 600 4118 D.
619 4059 685 4117 cod.
704 4053 789 4116 cle.
813 4050 905 4137 §.42
928 4073 1002 4138 pag.
1011 4053 1082 4118 141.
1175 4052 2030 4140 bus,dequibusanteadictumest‚„difl'crentimn,5

326 4155 384 4237 19)
426 4155 463 4220 Ρ.
477 4155 508 4221 9.
523 4157 599 4222 adn.
615 4156 644 4220 1.
658 4154 762 4239 „quia
775 4145 899 4220 nullam
920 4155 1104 4220 cautionem
1175 4156 1272 4234 „sive
1287 4153 1407 4240 aliquis
1415 4173 1597 4239 possessor
1610 4153 1663 4233 sit,
1679 4154 1751 4222 sive
1764 4158 1864 4237 non,.’'
1877 4160 1997 4240 impro-

283 4267 455 4338 „prnestat
475 4267 580 4338 actor,
611 4259 640 4323 si
665 4255 796 4322 nomine
822 4266 1000 4340 mangot,
1031 4259 1104 4322 sive
1173 4255 1277 4322 besse
1292 4254 1407 4322 fertur.
1436 4260 1475 4321 D.
1492 4258 1534 4319 Β.
1550 4257 1712 4320 cadolus.
1740 4253 1767 4342 §.
1778 4255 1919 4343 39..pag.
1929 4256 1997 4322 145.

281 4360 339 4439 „in
353 4377 425 4423 rem
439 4372 534 4441 agat,
561 4361 632 4426 sive
647 4360 680 4424 in
695 4358 904 4441 personemf
1217 4356 1273 4438 19)
1317 4357 1356 4420 Η.
1374 4359 1405 4422 d.
1422 4366 1494 4422 test.
1532 4359 1577 4420 10.
1593 4357 1697 4420 Andr.
1719 4363 1762 4420 od
1774 4362 1816 4422 D.
1830 4381 1879 4439 sp.
1903 4358 1996 4422 11119.

325 4459 382 4542 13)
424 4457 811 4542 P.n.aen.1.„utin1nst.
821 4459 1043 4540 desetisd.”l,
1053 4459 1102 4523 ll.
1172 4458 1242 4542 p.l.
1264 4458 1307 4522 tit
1329 4457 1371 4524 de
1394 4459 1509 4524 satisd.
1532 4455 1601 4543 §.2
1620 4459 1747 4524 numi.
1761 4458 1838 4523 inv.
1855 4479 1996 4524 consue-

325 4561 382 4642 14)
424 4566 531 4641 spatio.
553 4559 591 4626 B.
607 4597 647 4610 -
667 4559 720 4628 Al.
740 4561 942 4642 „commodo
958 4560 1102 4626 inducio-
1171 4560 1261 4624 tudo.
2015 4577 2046 4628 10

282 4663 409 4744 „rum”
438 4661 475 4724 P.
488 4661 516 4724 l.
532 4661 562 4724 9.
579 4659 620 4724 (1.
1213 4659 1277 4744 90)
1316 4666 1365 4726 Ic.
1383 4666 1473 4726 Bosa.
1499 4663 1590 4747 (Vid.
1613 4683 1641 4726 c.
1657 4665 1806 4741 Sacrum.
1828 4661 1850 4726 l.
1873 4661 1895 4727 l.
1916 4684 1991 4746 pug.

325 4761 381 4846 15)
426 4761 507 4827 Ccd.
523 4764 565 4827 de
579 4761 624 4827 lit.
640 4774 723 4826 cont
733 4765 765 4843 3,
780 4767 810 4830 9.
1170 4762 1241 4828 lon.
1257 4761 1382 4829 vers.8.
1398 4766 1536 4849 etseq.)
1560 4765 1717 4847 „irrepsit
1737 4761 1859 4828 utilitas
1882 4765 1995 4848 pigno-

325 4865 384 4944 16)
427 4870 520 4929 r'stud.
535 4862 646 4928 Ρ.1.9.
663 4861 700 4927 G.
720 4899 756 4909 -
772 4865 823 4930 Al.
839 4867 1012 4946 „iustum-’⁹
1027 4865 1066 4930 B.
1171 4883 1285 4945 ‚‚rnm‚
1308 4899 1350 4912 -
1371 4899 1413 4914 ···
1435 4875 1487 4932 est
1501 4869 1587 4932 enim
1603 4864 1713 4930 utilius
1726 4865 1857 4950 pignori
1871 4867 1995 4930 incum-

325 4967 382 5047 17)
424 4970 734 5048 neocesariense
751 4962 881 5028 Ρ.9.-
898 4967 951 5032 Al.
975 4969 1036 5047 „iu-
1053 4968 1100 5030 iu-
1169 4967 1293 5048 „bcre,
1323 4985 1421 5050 quern
1447 4970 1480 5032 ln
1508 4985 1688 5049 personam
1707 4986 1828 5051 agere,
1864 4977 1897 5032 et
1916 4966 1995 5048 plus

280 5068 426 5148 „dicium
440 5067 474 5132 in
487 5089 520 5134 u.
535 5064 598 5132 fr.”
613 5065 649 5130 P.
659 5067 737 5130 1.-
750 5067 806 5145 „in
821 5067 975 5134 iudicium
988 5091 1021 5134 o.
1038 5067 1100 5134 lr.”
1171 5077 1248 5148 „est
1271 5068 1431 5133 cautionis
1451 5069 1486 5132 in
1504 5088 1561 5148 re,
1591 5087 1690 5152 quam
1708 5069 1742 5136 iu
1761 5069 1937 5153 personn''
1952 5105 1993 5116 —-
2015 5085 2043 5134 15

279 5169 318 5234 Β.
333 5207 374 5218 -
390 5169 447 5248 „in
460 5169 582 5236 iudicio
596 5177 709 5234 nostro
724 5164 962 5254 frequentatae*
978 5171 1018 5234 G.
1171 5168 1221 5245 Cf.
1236 5182 1301 5236 not.
1311 5171 1341 5234 7.
1357 5171 1400 5236 ed
1413 5168 1535 5253 parto.
1552 5167 1580 5255 §.
1590 5169 1627 5234 9.

366 5269 416 5337 Gi.
439 5282 523 5355 part.
531 5272 562 5336 9.
585 5269 616 5357 §.
626 5267 675 5336 19.
697 5289 786 5338 vers.
832 5267 899 5335 Sed
923 5272 1100 5354 quaeritur,
