4770 5962
390 547 454 617 366
956 565 958 568 ·
1014 537 1151 606 Gratiae
1167 539 1209 604 de
1224 537 1375 606 iudiciar.
1391 539 1493 604 ordin
1524 538 1560 604 P.
1575 539 1606 602 2.

323 789 327 798 .
392 731 587 824 stra.8.⁸⁸)
616 732 660 804 de
688 724 996 822 restitimus.
1026 754 1104 802 cum
1131 723 1417 826 clamorum)
1470 727 1561 820 Quid
1586 753 1671 822 ergo
1696 727 1785 800 fleat
1835 728 1912 822 Dio,
1936 727 2032 826 qnod
2050 756 2108 801 nr·

392 842 465 936 geri
491 835 597 910 debet
622 833 809 925 confitens,
838 845 877 902 ut
906 841 1038 904 certum
1066 831 1298 929 respoudeat,
1325 829 1369 902 ad
1396 828 1485 922 boc,
1519 843 1560 902 ut
1586 845 1703 903 certus
1730 842 1906 902 remaneat
1930 831 2037 904 iudex
2069 846 2105 913 et

392 955 501 1016 actor.
522 940 602 1029 uig.
627 937 670 1008 de
694 934 846 1007 consess.
860 929 924 1026 19,
932 930 967 1003 9.
981 932 1006 1003 l.
1023 931 1210 1004 certumti.
1233 929 1335 1032 (gd.)
1388 932 1499 1004 ludex
1513 933 1604 1006 enim
1621 933 1664 1004 ad
1681 930 1748 1007 boc
1759 907 1942 1004 adlabordt
1955 935 2003 1029 99)
2019 958 2108 1004 sem·

393 1071 475 1145 per,
511 1055 552 1112 nt
585 1041 631 1111 sit
658 1050 776 1110 certus
803 1062 847 1106 ex
873 1035 1104 1132 responsione
1129 1037 1197 1129 rei,
1237 1034 1390 1130 alioquin
1417 1035 1596 1134 quomodo
1629 1036 1834 1106 sententium
1863 1038 1994 1131 poterit
2017 1035 2110 1108 serre

361 1143 553 1220 ncertami
605 1141 702 1240 quod
738 1165 878 1234 semper
918 1139 1033 1209 facere
1070 1134 1184 1208 debet.
1218 1149 1255 1208 nt
1287 1139 1373 1208 lust.
1412 1136 1456 1208 de
1500 1149 1566 1210 act.
1583 1133 1623 1228 1,
1637 1133 1675 1207 6.
1709 1135 1745 1308 ἰ.
1783 1135 1990 1210 curare-52.
2051 1137 2108 1210 Sic

396 1275 479 1342 ergo
495 1244 599 1316 index
615 1244 727 1340 primo
752 1239 902 1330 laboret,
930 1250 968 1310 ut
993 1237 1055 1309 fiat
1082 1250 1176 1310 certa
1199 1251 1236 1310 et
1263 1251 1384 1334 aperta
1409 1239 1553 1335 positio,
1580 1250 1620 1310 ut
1645 1265 1691 1310 ex
1741 1264 1784 1310 oc
1810 1251 1905 1312 certa
1930 1251 1966 1311 et
1991 1252 2111 1337 aperta

396 1359 566 1448 sequatur
593 1371 656 1442 per
682 1367 901 1440 consequeus
929 1343 1127 1437 responsio.

311 1456 346 1556 §-
356 1455 391 1528 7,
493 1447 528 1548 §-
547 1448 597 1545 91)
649 1445 720 1516 Sed
743 1460 846 1537 nuta,
880 1443 976 1540 qnod
997 1442 1100 1514 iudex
1123 1468 1263 1538 semper
1285 1439 1391 1514 debet
1421 1441 1537 1514 iacere
1565 1441 1673 1514 scribi
1700 1445 1911 1540 positionem
1945 1444 1981 1514 in
2011 1444 2110 1540 actis,

395 1564 580 1650 autequam
610 1549 757 1620 adversa
785 1572 865 1644 pars
892 1545 1115 1641 respondeat.
1166 1546 1213 1616 Et
1249 1545 1361 1640 primo
1396 1543 1503 1616 debet
1540 1571 1616 1616 eam
1645 1546 1864 1637 examinare,
1906 1571 1950 1616 an
1977 1546 2023 1616 sit
2051 1546 2110 1616 ad·

348 1681 380 1734 ιο
398 1652 577 1743 mittenda,
608 1651 757 1742 scilicet,
783 1651 813 1720 si
832 1648 915 1718 facit
930 1647 1140 1738 adcausam,
1165 1647 1197 1716 si
1222 1647 1269 1716 sit
1295 1645 1472 1742 possibilis
1498 1659 1532 1718 ct
1559 1673 1630 1717 uon
1655 1659 1779 1719 contra
1805 1659 1984 1741 naturam,
2012 1661 2110 1744 putu,

394 1755 578 1852 siciliquis
606 1753 756 1842 diceret,
794 1749 891 1848 quod
926 1749 1043 1846 aliqua
1076 1747 1192 1844 puella
1222 1748 1419 1845 peperisset
1450 1750 1486 1819 iu
1518 1749 1670 1845 septimo
1705 1774 1819 1842 anno,
1861 1749 1918 1822 vel
1943 1750 1975 1820 si
2005 1749 2111 1842 dicat,

313 1941 320 1950 ,
397 1857 494 1959 qnod
520 1857 561 1928 Ρ.
587 1853 763 1926 interfecit
788 1854 850 1943 G.,
878 1853 940 1948 qni
967 1850 1079 1924 adhuc
1109 1851 1210 1942 vivit,
1246 1849 1302 1922 vei
1329 1850 1395 1920 alin
1422 1850 1556 1921 similia.
1607 1849 1645 1919 Si
1678 1877 1762 1922 vero
1788 1853 1932 1926 nonsit
1959 1847 2112 1928 obscura

375 1960 455 2032 'vel
482 1959 650 2055 captiosa,
677 1979 750 2046 arg.
778 1955 868 2026 bist.
883 1951 920 2024 1.
950 1977 978 2022 c
1004 1953 1069 2024 erit
1095 1964 1210 2022 antem
1238 1947 1427 2045 lentot,
1451 1960 1486 2022 et
1511 1977 1587 2022 eam
1613 1952 1740 2025 viderit
1769 1951 2030 2044 admittendam,
2056 1955 2107 2024 11-

398 2064 466 2136 ciat
491 2086 565 2134 eam
593 2061 629 2128 in
654 2058 741 2128 netis
769 2057 865 2152 poni.
904 2055 950 2126 Et
976 2056 1054 2150 ipsa
1077 2055 1112 2124 in
1139 2055 1225 2126 actis
1255 2053 1409 2145 reducta,
1439 2064 1585 2149 quaerat
1610 2054 1717 2126 index
1742 2080 1761 2138 a
1789 2067 1943 2150 ponente
1970 2056 2112 2149 positio-

349 2197 379 2246 ιι
400 2190 501 2254 nem,
543 2162 572 2232 si
605 2157 698 2230 dicat
730 2157 796 2228 buc
822 2158 1029 2226 iuramento.
1082 2157 1128 2226 Et
1154 2156 1232 2251 ipse
1256 2153 1364 2227 debet
1390 2155 1625 2250 respondere,
1658 2157 1755 2254 quod
1783 2158 1845 2230 sic.
1896 2158 1943 2228 Et
1968 2159 2004 2228 iu
2030 2182 2113 2230 con·

397 2265 521 2340 tinenti
561 2261 665 2333 index
707 2257 814 2330 debet
850 2259 1066 2350 interrogare
1106 2255 1289 2328 adversam
1326 2269 1481 2352 partem,
1530 2269 1569 2329 nt
1593 2259 1841 2354 respoudeat,
1885 2270 1921 2332 et
1961 2256 2114 2354 compel-

398 2369 447 2440 lat
486 2391 562 2438 eam
607 2362 650 2433 ad
690 2359 997 2456 respondendnm,
1035 2370 1073 2429 nt
1105 2360 1333 2456 praemissum
1366 2369 1432 2428 est
1465 2399 1517 2414 -
1593 2360 1629 2432 Si
1664 2386 1746 2433 vero
1780 2362 1826 2432 sit
1857 2360 1939 2432 taiis
1970 2361 2113 2456 positio,

398 2457 511 2565 super
545 2490 615 2562 qna
652 2488 733 2534 reus
769 2464 894 2534 merito
926 2459 1084 2552 dubitat,
1129 2471 1226 2556 petat
1263 2459 1417 2532 inducias
1455 2459 1500 2532 ad
1540 2460 1816 2534 deliberandum.
1896 2463 2027 2534 Caveat
2062 2474 2114 2532 ta·

400 2597 478 2644 meu
517 2593 619 2658 reus,
659 2574 712 2634 ‘ue
751 2563 863 2636 dicat:
910 2588 1004 2656 „ego
1051 2561 1134 2633 volo
1174 2561 1257 2634 inde
1293 2558 1423 2633 habere
1466 2564 1685 2636 consilinm.”
1763 2565 1853 2634 Nam
1890 2574 1976 2636 tunc
2014 2563 2115 2634 index

349 2709 382 2762 ῃ)
400 2699 479 2746 enm
511 2695 582 2740 non
615 2665 751 2760 audiat,
796 2661 947 2762 quilibet
986 2665 1075 2736 euim
1115 2664 1346 2760 praesumitur
1378 2663 1502 2734 melius
1545 2668 1636 2736 scire
1675 2665 1805 2736 factum
1842 2691 1967 2758 suum,
2011 2691 2130 2762 qnam

399 2774 509 2867 alius,
555 2771 590 2840 iu
630 2770 710 2865 ipso
749 2767 896 2862 proprio
910 2766 959 2856 99)
999 2765 1090 2854 cuim
1130 2765 1223 2836 sacto
1262 2789 1333 2836 nou
1366 2767 1562 2837 sustinetur
1597 2769 1812 2860 ignorantia,
1853 2792 1927 2860 arg.
1965 2768 2020 2840 ad·
2048 2765 2116 2840 boc

400 2877 447 2948 X.
483 2876 526 2948 G.
564 2872 609 2942 de
650 2895 758 2942 resur.
779 2865 811 2960 1,
832 2865 870 2940 5.
910 2893 939 2940 c.
980 2864 1025 2937 ab
1065 2863 1372 2940 excommunicato.
1394 2867 1442 2961 99)
1469 2865 1549 2962 tt,
1597 2869 1675 2942 ideo
1731 2894 1838 2965 super
1892 2870 2115 2944 confessione

401 3001 472 3048 uon
499 2972 606 3046 debet
631 2970 761 3044 babere
787 2969 969 3041 consilium
995 2994 1072 3040 cum
1098 2969 1235 3066 aliquo,
1276 2995 1353 3040 cum
1380 2970 1472 3039 iutra
1507 2995 1547 3042 se
1574 2969 1772 3044 deliberare
1805 2972 1920 3068 possit
1952 2982 1988 3044 ct
2012 2997 2117 3070 super

401 3078 469 3152 boc
492 3077 676 3148 terminum
706 3085 834 3168 petere.
885 3072 932 3142 Et
957 3096 1041 3140 usus
1067 3096 1248 3142 cansarum
1275 3072 1325 3141 sic
1351 3068 1535 3144 sehabet.

351 3209 384 3260 et
503 3180 591 3252 ltem
620 3174 818 3266 sciendum,
849 3171 946 3270 quud
972 3173 1167 3276 positiones
1193 3198 1257 3268 per
1283 3172 1474 3245 advocatos
1504 3173 1649 3245 formari
1674 3172 1827 3267 debent,
1865 3177 2012 3248 maxime
2037 3202 2116 3248 cum

401 3291 520 3380 partes
553 3279 728 3350 nescirent
756 3275 917 3346 sormam.
969 3277 1015 3345 11.
1043 3275 1085 3346 G.
1111 3274 1155 3345 de
1181 3270 1303 3366 iutw,
1326 3271 1358 3346 1.
1387 3301 1418 3349 c.
1447 3275 1645 3372 pastoralis.
1664 3271 1722 3347 11.
1742 3267 1795 3376 95)
1848 3276 1958 3348 Secus
1993 3278 2029 3348 iu
2062 3304 2116 3348 re·

402 3379 677 3478 sponsionibus,
710 3375 899 3474 inquibus
925 3402 1008 3447 reus
1021 3376 1070 3462 99)
1098 3375 1198 3450 nulio
1225 3371 1330 3448 modo
1363 3375 1469 3448 debet
1495 3380 1546 3449 nti
1572 3376 1720 3450 consilio
1745 3379 1924 3471 advocati,
1952 3405 1997 3450 uc
2023 3378 2117 3450 iliius

403 3483 570 3572 consiliu,
611 3483 669 3580 qui
697 3480 828 3550 sactum
856 3480 987 3571 nescit,
1028 3478 1159 3550 incidat
1189 3480 1226 3549 in
1260 3479 1475 3574 periurium,
1517 3478 1678 3574 negando
1712 3483 1895 3552 veritatem
1929 3481 1986 3554 vet
2007 3481 2115 3554 couti·

403 3583 510 3662 tendo
536 3583 675 3655 salsum.
716 3583 792 3653 lmo
821 3580 888 3651 boc
910 3583 1090 3654 consuevit
1115 3580 1204 3673 lieri,
1230 3578 1328 3676 quod
1352 3581 1387 3651 iu
1415 3580 1698 3654 confessionibus
1723 3583 1914 3654 advocatus
1942 3607 2013 3655 nou
2038 3609 2117 3679 per·

353 3709 389 3762 ou
404 3692 563 3764 mittatur
588 3697 683 3756 stare
709 3683 806 3753 iuxta
831 3709 947 3774 reum,
989 3707 1032 3756 ue
1065 3680 1140 3752 ulio
1171 3680 1281 3754 verbo
1316 3695 1378 3754 aut
1407 3684 1509 3776 siguo
1535 3685 1640 3758 faciat
1666 3710 1745 3756 enm
1771 3709 1898 3776 negare
1924 3687 2117 3772 veritatem,

403 3791 509 3864 Adsit
535 3800 651 3860 tamen
675 3784 867 3855 advocatus
895 3785 964 3876 rci,
993 3795 1033 3854 ut
1059 3784 1088 3854 si
1114 3783 1218 3858 iudex
1246 3783 1353 3856 vellet
1378 3811 1474 3856 reum
1501 3786 1671 3858 malitiose
1696 3799 1856 3883 repetere
1880 3789 1917 3856 in
1944 3811 2117 3878 sermone,

404 3893 460 3965 vel
474 3892 665 3963 advocatus
683 3887 824 3977 actoris,
840 3883 1030 3957 advocatus
1045 3910 1131 3956 snus
1142 3883 1307 3958 defendat
1319 3911 1398 3958 eum
1413 3885 1458 3956 ab
1476 3889 1604 3986 iniquis
1622 3887 1857 3983 positionibus
1867 3887 1916 3986 97)
1932 3899 1968 3959 et
1980 3889 2118 3984 ineptis.

504 3996 613 4084 Item,
641 3991 672 4061 si
698 4013 779 4060 rens
809 4013 923 4086 neque
949 3998 1071 4081 neget,
1097 3995 1212 4085 neqde
1238 3989 1468 4083 confiteatur,
1495 3991 1558 4062 sed
1579 3989 1673 4062 dicat
1699 4015 1738 4062 se
1764 3990 1897 4062 nescire
1920 3988 2114 4080 veritatem,

447 4345 505 4421 88)
548 4367 572 4408 c.
595 4349 628 4406 tn
649 4350 764 4404 nostra.
788 4342 928 4412 (rectius
950 4363 999 4408 so.
1021 4341 1055 4406 in
1069 4361 1229 4426 praesen·
1298 4343 1474 4408 muniunto.
1495 4343 1528 4406 tn
1552 4365 1582 4410 v.
1597 4343 1639 4408 de
1653 4341 1741 4409 facto
1756 4365 1818 4412 suo
1833 4355 1943 4412 certus
1958 4353 2065 4420 esse)
2081 4379 2118 4393 -·

407 4445 522 4527 stia.”)
550 4463 639 4509 vers.
668 4452 845 4526 praeterea
873 4463 947 4512 cnm
977 4443 1112 4508 verbnm
1140 4442 1230 4508 illud.
1297 4441 1336 4506 B.
1356 4437 1513 4526 „idun”
1530 4443 1715 4528 (inprime.)

406 4551 518 4614 lunoo.
533 4545 564 4614 3.
1340 4542 1394 4614 94)
1439 4567 1464 4606 c.
1489 4549 1527 4606 ud
1548 4553 1819 4612 excommunicato.
1842 4545 1896 4622 (Β.
1912 4567 2119 4633 »excommn-

449 4647 507 4729 89)
551 4644 689 4732 Gregor.
704 4646 735 4712 9.
1299 4646 1471 4722 „nicatof’t
1491 4644 1633 4730 Gregor.
1647 4645 1681 4714 9.

375 4775 390 4825 5
450 4745 509 4827 90)
551 4751 714 4812 adiutaret.
729 4783 771 4796 -
787 4745 825 4812 B.
841 4757 895 4812 „ut
909 4745 1066 4810 laboret.’'
1339 4745 1397 4820 95)
1440 4746 1560 4812 Melius
1591 4746 1654 4813 isto
1682 4769 1711 4814 c.
1733 4768 1815 4816 usus
1837 4755 1891 4812 est
1914 4751 2025 4814 amor.
2045 4768 2120 4834 pag.

448 4852 506 4932 91)
551 4849 741 4935 Sequuntur
760 4847 956 4926 corollaria,
986 4847 1027 4910 de
1053 4844 1171 4928 quibus
1199 4847 1234 4911 in
1300 4845 1615 4917 210.vers.13.1t.

407 4973 458 5038 pr.
480 4952 512 5018 h.
530 4955 576 5018 tit.
598 4959 684 5036 (pag.
699 4949 771 5014 361.
786 4968 875 5014 vers.
889 4949 920 5014 4.
936 4957 969 5012 et
983 4949 1068 5030 seq.)
1082 4942 1172 5012 haud
1186 4945 1233 5011 di·
1344 4947 1400 5022 96J
1445 4955 1478 5012 io
1505 4955 1585 5032 qaut.
1612 4973 1695 5016 reor.
1720 4945 1779 5026 (cf.
1807 4949 1839 5016 h.
1864 4970 1939 5036 pag.
1965 4970 2054 5016 vers.
2072 4947 2121 5014 19.

408 5067 496 5121 ctum
511 5066 572 5118 est.
1302 5061 1335 5116 et
1350 5057 1438 5136 seq.)
1455 5049 1493 5113 B.
1509 5072 1573 5116 om.

450 5156 507 5238 99)
551 5161 668 5218 tec-
687 5151 746 5216 nli.
763 5147 905 5213 »ul’X.”
1344 5151 1397 5230 97)
1439 5141 1758 5235 postumum—B.
1774 5151 2036 5238 „petitionibus”

363 5264 393 5314 tu
454 5255 512 5337 93)
551 5259 685 5338 proprio.
704 5249 761 5324 (cf.
779 5252 882 5312 Gloss.
901 5248 944 5314 ad
958 5246 981 5312 l.
997 5268 1025 5314 c.
1043 5251 1084 5314 ab
1101 5271 1232 5316 excom·
