4782 5960
1942 617 2008 686 35⁷

1134 831 1158 884 ff

919 985 973 1052 De
988 985 1054 1053 litis
1070 985 1321 1053 contestatione.
1340 986 1373 1070 1)
2011 930 2091 1007 P2·

382 1109 501 1182 Prima
525 1109 633 1206 igitur
658 1107 831 1208 particula
856 1104 1014 1182 breviter
1038 1107 1222 1206 expedita,
1265 1115 1355 1209 quie
1386 1133 1501 1208 usque
1533 1109 1578 1183 ad
1610 1111 1683 1184 litis
1714 1115 2007 1189 contestationem

280 1211 533 1312 protrahitur,
558 1213 604 1284 ad
630 1212 839 1297 secundam,
879 1237 969 1310 qnae
994 1237 1015 1282 a
1040 1211 1103 1285 lite
1131 1223 1328 1284 contestata
1345 1209 1377 1310 ²)
1405 1237 1522 1311 usque
1550 1212 1593 1285 ad
1620 1213 1843 1289 diffinitivam
1864 1229 2004 1291 senteu-

281 1317 367 1390 tiam
386 1306 421 1418 ³)
449 1315 670 1410 extenditur,
697 1315 868 1388 velociter
893 1313 1112 1386 accedamus.
2011 1303 2095 1408 §.1⁶

381 1415 416 1518 §-
472 1416 638 1489 Partibus
669 1418 775 1512 igitur
810 1419 847 1488 iu
882 1405 1079 1514 praesentia
1120 1415 1243 1488 iudicis
1275 1416 1499 1510 constitutis,
1539 1427 1625 1491 tunc
1660 1429 1785 1514 surgat
1819 1419 2045 1496 advocatust

281 1522 413 1594 actoris
440 1531 476 1592 et
500 1519 595 1614 legat
623 1517 781 1592 libellum
806 1520 951 1611 actoris,
981 1519 1081 1591 cuius
1108 1519 1247 1615 copiam
1272 1543 1353 1590 reus
1380 1515 1510 1590 lraberc
1533 1517 1653 1613 debet,
1680 1532 1717 1594 et
1744 1547 1787 1594 eo
1814 1521 1908 1596 leet‘o
1935 1523 2013 1621 ipse

279 1634 380 1722 petat
405 1647 426 1692 a
453 1622 588 1716 iudice,
624 1633 666 1693 nt
692 1619 885 1718 compellat
910 1645 1008 1692 reum
1043 1621 1259 1719 respondere
1286 1619 1409 1692 libello
1445 1620 1512 1690 sibi
1566 1633 1717 1695 urrecto.
1767 1623 1865 1696 lleus
1893 1635 2013 1697 autem

280 1727 328 1798 sit
356 1735 481 1798 cautus
512 1734 548 1796 et
573 1725 740 1821 respiciat
765 1722 971 1816 diligenter,
1007 1734 1129 1794 utrum
1162 1723 1409 1795 contineantur
1435 1720 1497 1794 ead
1582 1725 1619 1794 iu
1644 1749 1711 1798 suo
1736 1723 1879 1820 libello,
1920 1751 2013 1824 quae

281 1830 504 1916 continentur
530 1827 567 1896 in
591 1824 714 1899 libello
743 1827 873 1898 actoris
899 1826 936 1894 in
962 1825 1143 1918 originali,
1184 1848 1295 1921 quare
1312 1816 1348 1926 ⁴)
1386 1848 1554 1922 praeseus
1586 1828 1748 1898 notarius
1781 1852 1859 1900 esse
1893 1826 2011 1900 debet.

280 1931 328 2003 Et
355 1932 386 2000 si
412 1939 467 2002 est
495 1927 587 2000 idem
614 1939 718 2000 tenor
746 1928 920 2019 omnium,
946 1938 1030 1997 tuuc
1055 1951 1180 1998 secure
1207 1927 1338 2023 poterit
1362 1926 1573 2023 procedere3
1608 1928 1752 2000 sivero
1781 1928 1949 2003 dill'erunt
1973 1931 2011 2000 in
2028 1964 2063 2019 ω

280 2032 420 2129 aliquo,
458 2042 544 2102 tuuc
569 2040 668 2128 petat
693 2029 776 2101 illos
806 2029 954 2122 corrigi,
994 2027 1093 2126 quod
1128 2029 1249 2100 statim
1284 2028 1389 2100 iudex
1422 2027 1539 2102 lacere
1566 2029 1644 2100 lieri
1670 2028 1787 2103 debet.
1839 2031 1898 2104 llis
1926 2057 2011 2126 ergo

280 2132 525 2224 concordatis,
565 2133 729 2228 respiciat
758 2130 895 2224 adhuc,
930 2142 1049 2202 utrum
1077 2130 1149 2202 sint
1180 2129 1298 2226 aliqua
1325 2125 1432 2201 dubia
1455 2131 1490 2200 in
1517 2155 1560 2201 eo
1584 2131 1642 2203 vel
1668 2130 1852 2226 ambigua,
1889 2144 1925 2206 et
1950 2159 2011 2204 an·

278 2245 421 2334 tequam
447 2235 683 2331 respondeat,
717 2244 815 2330 petat
841 2232 911 2303 sibi
936 2233 1053 2303 omnia
1079 2231 1270 2324 declarari,
1308 2234 1387 2330 quia
1416 2230 1465 2301 nil
1493 2229 1601 2304 debet
1627 2255 1705 2304 esse
1732 2234 1768 2303 iu
1794 2232 1919 2306 libello
1946 2232 2011 2308 ob·

281 2363 426 2408 scurum
452 2336 510 2408 vel
538 2333 754 2429 ambiguum,
785 2333 849 2406 sed
876 2335 991 2406 omnia
1017 2359 1094 2406 esse
1122 2333 1227 2406 clara.
1258 2359 1331 2426 arg.
1356 2334 1449 2404 llist.
1464 2329 1501 2406 4.
1530 2359 1560 2404 c.
1586 2331 1715 2405 erm.
1740 2346 1774 2407 ct
1799 2336 1840 2406 (l.
1856 2332 1894 2407 5.
1920 2363 1955 2435 q.
1973 2334 2012 2412 5.

279 2437 316 2538 §-
344 2439 525 2512 offeratur.
550 2437 610 2534 le.
626 2437 663 2510 4.
689 2433 798 2536 §.5.)
818 2434 850 2535 ⁵)
883 2437 930 2508 X.
957 2437 1000 2510 G.
1030 2435 1083 2534 de·
1099 2435 1160 2509 lib.
1188 2433 1298 2514 oblat.
1311 2431 1349 2528 Β,
1364 2432 1400 2507 5.
1425 2459 1456 2506 c.
1481 2433 1775 2530 significantibus.
1790 2433 1827 2532 Ξ,
1845 2437 1879 2536 ⁸)
1905 2437 2061 2518 etde15

280 2541 378 2614 dilat.
396 2539 434 2634 Β,
451 2537 487 2610 8.
511 2535 540 2612 θ’.
562 2540 693 2612 literae.
711 2536 748 2610 5.
767 2541 798 2630 ⁷)

384 2642 546 2732 Qualiter
571 2639 723 2713 debeant
749 2638 862 2714 libelli
896 2639 1042 2712 formari
1076 2641 1112 2712 iu
1141 2638 1313 2711 criminali
1342 2647 1378 2710 et
1417 2639 1453 2708 in
1486 2637 1563 2711 aliis
1592 2641 1731 2734 causis,
1774 2637 1831 2714 lric
1851 2665 1924 2714 non
1946 2663 2010 2738 po·

280 2746 354 2838 sui,
386 2771 465 2817 cunr
489 2744 575 2817 haec
601 2745 746 2815 materia
774 2743 821 2814 sit
846 2769 911 2840 per
935 2743 1033 2814 viros
1061 2742 1267 2836 magnificos
1296 2739 1481 2838 expedita,
1514 2752 1551 2814 et
1578 2743 1781 2838 specialiter
1806 2769 1870 2840 per
1895 2742 2011 2816 domi·

281 2875 365 2920 num
391 2846 601 2920 Roll'redum
627 2845 911 2918 Beneventanum
937 2845 973 2914 in
996 2844 1108 2937 libro,
1137 2869 1242 2942 quern
1269 2869 1376 2940 super
1402 2843 1477 2914 iure
1503 2845 1673 2916 canonico
1703 2845 1917 2940 compilavit.

382 2949 479 3019 Visis
505 2950 612 3042 igitur
637 2971 656 3016 a
682 2971 744 3018 reo
773 2945 934 3018 omnihus
967 2945 1021 3018 lis
1048 2958 1083 3020 et
1110 2945 1364 3037 consideratis,
1400 2969 1493 3044 quac
1523 2946 1559 3016 iu
1584 2943 1709 3018 libello
1737 2945 1869 3019 debent
1894 2947 2007 3020 cousi·
2026 2978 2060 3032 20

281 3050 410 3142 derari,
438 3061 538 3120 actor
563 3049 706 3120 reiteret
723 3045 758 3147 ⁸)
782 3049 986 3146 petitionem
1013 3073 1113 3119 suam
1139 3050 1176 3121 in
1203 3047 1298 3118 huuc
1321 3046 1481 3118 modum:
1508 3060 1619 3144 „peto
1644 3048 1743 3122 litem
1762 3047 2008 3142 contestando,

282 3177 403 3250 „quac
425 3153 461 3222 in
488 3175 567 3223 meo
595 3149 719 3222 libello
746 3149 1006 3223 continentur.”
1059 3152 1163 3224 Tune
1192 3148 1299 3222 debet
1323 3147 1430 3220 iudex
1464 3148 1581 3221 dicere
1606 3176 1689 3243 reu,
1734 3151 1832 3249 quod
1860 3175 2009 3248 respon·

281 3256 373 3326 duat.
427 3255 524 3325 Reus
549 3279 635 3326 vero
663 3253 829 3350 respiciat
856 3253 1064 3347 diligenter,
1097 3277 1186 3349 quaa
1215 3250 1262 3321 ab
1290 3276 1332 3322 eo
1358 3262 1551 3348 petuntur,
1587 3263 1623 3323 et
1650 3254 1681 3322 si
1706 3252 1800 3346 siut,
1829 3277 1921 3350 quae
1947 3279 2009 3350 pe·

279 3369 405 3431 tuctur
430 3353 476 3426 ab
503 3358 602 3453 ipso,
647 3381 798 3453 quorum
826 3354 970 3452 aliquod
996 3357 1042 3427 sit
1066 3380 1188 3426 verum
1217 3362 1253 3426 et
1280 3353 1425 3452 aliquod
1456 3353 1605 3444 falsum,
1651 3379 1772 3426 verum
1801 3355 2011 3427 confiteatur

281 3472 318 3534 et
344 3458 475 3530 salsum
501 3468 606 3551 neget
631 3457 677 3529 de
702 3483 781 3528 meo
806 3457 974 3550 consili03
1000 3457 1083 3529 licet
1108 3455 1213 3555 quasi
1240 3480 1363 3527 omues
1389 3457 1441 3528 rei
1468 3455 1600 3528 faciant
1627 3457 1856 3528 contrarium.
2026 3481 2059 3533 aa

383 3559 416 3658 ἓ.
436 3561 468 3651 9)
520 3557 591 3632 Sed
619 3559 701 3656 quia
726 3557 901 3630 interdum
928 3559 1112 3654 contingit,
1137 3556 1236 3658 quod
1263 3582 1346 3632 reus
1371 3557 1450 3630 vult
1473 3559 1701 3631 reconvenire
1727 3570 1896 3654 actorem,
1923 3555 2092 3658 qua-§.2

280 3663 364 3738 liter
386 3663 456 3734 lroc
480 3661 558 3734 lieri
584 3660 733 3753 debeat,
759 3660 998 3732 ostendamus.

383 3763 596 3836 Considerct
623 3775 736 3835 autem
762 3787 868 3854 reus,
908 3763 939 3832 si
964 3761 1045 3836 vult
1069 3762 1316 3854 reconvenire,
1352 3772 1539 3860 autequam
1562 3762 1802 3860 respoudeat,
1826 3773 1881 3854 et,
1908 3773 2007 3857 post·

282 3893 388 3967 quam
415 3867 657 3962 responderit,
698 3875 798 3962 petat
824 3866 943 3960 ipsum
969 3867 1003 3935 in
1030 3866 1225 3938 continenti
1256 3863 1424 3961 compelli
1458 3863 1675 3962 respondere
1710 3887 1795 3936 suae
1830 3862 2008 3960 petitioni,

282 3981 319 4042 et
345 3971 377 4040 si
400 3967 507 4040 iudex
534 3994 606 4038 nun
633 3969 786 4059 laceret,
819 3979 944 4063 posset
975 3965 1020 4038 ab
1052 3991 1095 4040 co
1125 3966 1279 4059 legitime
1313 3965 1512 4064 appellare,
1539 3966 1587 4036 X.
1614 3968 1656 4039 G.
1683 3963 1728 4036 dc
1750 3975 1837 4036 mut.
1862 3960 2007 4060 petitffi,
2026 3979 2062 4034 aa
2099 4019 2105 4030 .

281 4067 319 4144 4.
344 4096 373 4142 c.
390 4067 422 4142 l.
441 4059 515 4172 ¹⁰),
551 4069 617 4140 nisi
634 4067 681 4164 ¹¹)
709 4081 803 4140 esset
824 4094 943 4141 coram
969 4067 1123 4162 arbitro,
1161 4093 1279 4142 coram
1304 4094 1377 4167 quo
1411 4092 1476 4138 nec
1503 4065 1699 4164 appellatio
1723 4091 1788 4138 nee
1814 4090 2007 4139 reconven-

280 4173 332 4245 tiu
350 4169 397 4270 ¹²)
424 4170 542 4243 locum
569 4167 696 4262 habet,
724 4171 770 4240 X.
798 4172 840 4242 G.
866 4170 911 4244 dc
938 4168 1061 4243 arbitr.
1084 4168 1120 4262 l,
1134 4167 1198 4242 45.
1225 4197 1256 4244 e.
1283 4196 1363 4244 cum
1389 4167 1552 4240 dilectus.
1570 4163 1606 4238 6.
1624 4167 1692 4265 ¹³),
1722 4165 1781 4240 vcl
1806 4168 1875 4239 nisi
1902 4192 2008 4240 causa

281 4275 363 4347 talis
392 4284 506 4366 esset,
548 4296 637 4371 quae
660 4273 967 4346 reconventiouem
995 4273 1203 4371 impediret,
1244 4283 1333 4369 puta
1363 4267 1553 4342 criminalis
1584 4267 1644 4346 vel
1670 4268 2011 4368 praeiudicialia14).

325 4527 365 4606 1)
408 4523 451 4591 Β.
472 4523 575 4591 inser.
598 4523 734 4608 „Incipit
756 4524 906 4590 secunda
920 4523 1112 4609 particula.”
1179 4533 1214 4588 ct
1227 4519 1323 4587 ultra.

321 4627 363 4708 Β)
406 4631 494 4691 alite
509 4623 789 4689 contestata-B.
804 4629 868 4690 uari
880 4623 970 4692 litem
985 4625 1111 4694 coute.”
1220 4621 1259 4706 8)
1302 4627 1435 4687 reiteret.
1451 4659 1494 4671 -
1508 4621 1546 4688 B.
1564 4623 1790 4692 „reiteretur”

321 4731 361 4814 3)
404 4733 596 4792 seutentiam.
611 4725 650 4790 Β.
668 4745 730 4791 um.
789 4753 792 4762 ⁷
1220 4724 1259 4808 9)
1301 4722 1340 4789 Β.
1362 4725 1464 4792 inser.
1495 4726 1667 4803 „Qualiter
1693 4735 1787 4793 actor
1815 4725 1937 4794 debeat
1956 4745 2009 4791 re·

323 4831 363 4914 4)
406 4852 510 4914 quare.
524 4826 619 4893 -Β.
635 4828 710 4914 „cp”
725 4829 852 4914 (quae.)
1178 4827 1367 4910 »spondere
1382 4824 1523 4894 libello.”

324 4933 363 5018 5)
408 4951 479 5016 arg.
508 4931 602 4996 verb.
633 4927 833 5010 odeliberct‚
870 4929 1029 5011 cedema,
1065 4949 1109 4996 an
1221 4927 1279 5010 10)
1321 4927 1486 4996 Alexand.
1501 4929 1536 4996 3.
2025 4949 2043 5000 a

282 5033 510 5103 „contendat”
997 5035 1002 5044 “
1219 5029 1278 5113 ll)
1320 5037 1393 5095 nist.
1409 5030 1506 5100 -Β.
1523 5030 1633 5098 „ubi”

320 5138 359 5223 6)
401 5137 513 5203 lunoc.
527 5134 560 5202 Β.
589 5131 642 5201 ct.
659 5133 766 5199 Gloss.
787 5135 822 5200 in
842 5152 872 5199 v.
895 5133 1108 5220 significanti·
1220 5129 1281 5214 12)
1320 5141 1524 5199 reeoaomtto.
1540 5169 1580 5181 -
1595 5131 1635 5198 B.
1651 5153 1752 5200 arms
1766 5133 1891 5200 netloff’

280 5241 355 5306 bns.
1221 5231 1280 5317 13)
1324 5233 1438 5301 lunoc.
1452 5239 1486 5302 3.

322 5341 359 5426 7)
401 5341 525 5408 Honor.
541 5339 573 5408 3.
600 5338 653 5410 Cf.
672 5340 775 5404 Βίου.
793 5341 873 5406 inv.
889 5337 994 5406 tribus
1010 5337 1107 5403 aunis
1221 5333 1280 5417 lt)
1322 5333 1361 5402 Β.
1385 5333 1462 5404 add.
1486 5345 1539 5404 set
1562 5337 1669 5414 civil?
1715 5337 1889 5424 Suspieari
1917 5335 2009 5420 licet,

2009 1034 2094 1110 Ta.

2379 687 2381 734 l

2380 833 2381 878 l

2380 921 2381 966 l

2380 977 2381 1016 l

2380 1213 2381 1268 l

2380 1313 2381 1352 l

2380 1361 2381 1436 l
