4786 5962
391 587 415 630 X

393 754 543 828 dixerit?
559 753 607 848 ³⁶)
685 754 871 824 Praeterea
897 749 1046 822 aliorum
1074 752 1210 852 aliquot
1236 754 1395 827 locorum
1427 752 1508 825 talis
1537 764 1591 824 est
1623 752 1748 846 facies,
1793 765 1832 825 nt
1859 753 2006 826 alienam
2032 766 2115 826 tan·-

395 887 470 946 tnm
498 876 695 972 opinionem
720 875 889 944 intrusam
918 895 995 942 esse
1019 871 1125 945 facile
1152 873 1269 945 videas
1289 875 1349 964 ³⁷).

495 995 659 1067 Ceterum
694 1017 713 1061 a
747 993 899 1084 genuino
936 1001 1103 1062 contextu
1137 994 1268 1090 passim
1301 994 1349 1063 ita
1381 992 1577 1064 discessum
1610 1004 1686 1086 est,
1729 1004 1768 1064 nt
1799 1017 1843 1066 ex
1872 993 2042 1066 lacunosa
2073 1003 2108 1064 et

394 1112 565 1186 mendoso
590 1112 708 1210 aliquo
735 1110 874 1202 codice,
902 1133 973 1206 quo
998 1123 1122 1182 auctor
1147 1111 1401 1183 reformationis
1426 1137 1511 1183 usus
1540 1113 1665 1203 fuerit,
1693 1137 1783 1185 nova
1812 1112 2031 1211 quorundam
2055 1112 2110 1184 lo·

396 1258 517 1305 corum
542 1232 654 1303 forma
676 1240 800 1302 exorta
827 1253 903 1300 esse
929 1227 1087 1301 videatur
1101 1231 1161 1329 ³⁸).
1213 1230 1283 1303 Sed
1318 1242 1353 1302 et
1378 1229 1443 1303 bac
1472 1233 1628 1324 ratione,
1663 1233 1693 1302 si
1721 1257 1837 1303 veram
1865 1233 1914 1303 rei
1939 1231 2110 1303 conditio·

395 1377 474 1424 nem
502 1353 569 1422 ista
594 1351 794 1424 coniectura
819 1349 971 1418 assecuti
999 1371 1141 1441 snmus,
1182 1349 1319 1421 facilius
1353 1349 1513 1448 profecto
1541 1347 1734 1448 quemlibet
1761 1350 1883 1435 alium,
1919 1377 2021 1448 qnam
2049 1376 2110 1422 no·

395 1482 529 1562 strum,
558 1469 620 1540 tali
645 1466 835 1564 exemplari
861 1467 910 1538 nli
934 1470 1092 1565 potuisse
1120 1467 1254 1540 credas.

495 1591 567 1661 Fac
579 1588 730 1684 denique
746 1585 969 1658 Tancredum
983 1588 1048 1659 isto
1068 1589 1182 1659 omnia
1201 1587 1386 1660 admittere
1401 1599 1437 1661 et
1451 1587 1580 1660 librom
1597 1613 1701 1660 snum
1717 1589 1942 1660 multifariam
1959 1588 2111 1660 deterio-

396 1735 469 1782 rem
484 1707 630 1780 reddere
644 1707 819 1803 potuisse,
847 1704 944 1775 nulla
957 1717 1074 1778 tamen
1094 1709 1229 1778 ratione
1245 1705 1455 1804 explicabis,
1482 1709 1543 1806 qui
1559 1707 1634 1779 lieri
1647 1710 1820 1805 potuerit,
1849 1719 1889 1778 nt
1904 1689 1945 1779 eo
1963 1709 2110 1782 maxime

396 1841 576 1925 tempore,
603 1851 673 1922 quo
685 1807 968 1896 reformationem
985 1826 1137 1920 priorem
1152 1825 1346 1897 confectam
1361 1851 1440 1898 esse
1457 1827 1815 1920 commemoravimus,
1841 1825 1971 1898 nullam
1986 1827 2109 1898 Hono-

396 1949 440 2019 rii
460 1946 550 2017 tertii
565 1941 774 2015 decretalem
789 1942 950 2014 laudaret
961 1935 1025 2045 ³⁹).
1078 1945 1204 2042 Neque
1218 1943 1364 2038 dubito,
1391 1948 1494 2018 unico
1512 1945 1590 2017 bule
1612 1958 1816 2038 argumento
1833 1948 1943 2016 instar
1957 1945 2109 2016 omnium

397 2090 464 2138 nos
483 2073 562 2136 tuto
582 2064 681 2134 inniti
701 2087 818 2159 posse.
869 2063 959 2134 Nam
972 2062 1054 2136 lieet
1072 2067 1286 2158 nesciamus,
1309 2089 1354 2136 an
1369 2076 1453 2136 tunc
1469 2065 1635 2161 temporis
1654 2067 1777 2162 quinta
1791 2061 2015 2136 decretalium
2037 2061 2110 2135 eol-

398 2184 503 2256 lectio
534 2207 611 2255 eum
646 2195 773 2254 nostro
800 2182 939 2253 iamiam
970 2186 1222 2256 communicata
1245 2184 1434 2277 fueritffl),
1475 2182 1697 2255 nibilominus
1725 2185 1857 2276 virum,
1897 2185 1982 2254 iuris
2008 2209 2112 2256 eano-

398 2304 465 2374 niei
493 2302 760 2399 peritissimum,
803 2303 855 2372 cui
890 2326 1013 2394 magna
1043 2326 1183 2400 semper
1215 2331 1296 2376 cnm
1322 2304 1418 2375 ouria
1442 2305 1601 2376 llomana
1627 2302 1695 2374 fnit
1720 2303 1952 2394 familiaritas,
1993 2304 2028 2372 in
2057 2327 2111 2374 re·

398 2419 638 2495 concinnando
665 2418 757 2490 libro
783 2444 850 2490 sno
878 2418 973 2491 baud
999 2421 1047 2492 ita
1070 2424 1202 2492 versari
1230 2423 1405 2519 potuisse,
1432 2440 1471 2493 ut
1495 2423 1691 2493 recentiora
1717 2423 1816 2493 istius
1843 2422 1930 2493 iuris
1958 2421 2111 2518 capitula

400 2538 611 2634 negligeret,
641 2537 766 2634 procul
791 2537 898 2610 dubio
923 2563 1130 2637 persuasum
1158 2539 1305 2613 babebis
1323 2530 1388 2642 ⁴¹).

499 2660 588 2730 Cnm
617 2657 722 2750 igitur
745 2659 897 2755 priorem
926 2658 1209 2730 reformationem
1232 2685 1252 2729 a
1281 2659 1466 2734 Tancredo
1494 2657 1641 2730 alienam
1667 2685 1746 2731 esse
1774 2670 1924 2752 constet,
1951 2683 2111 2730 seorsum

398 2777 539 2877 quidem
566 2775 634 2848 boc
662 2776 739 2849 loeo
764 2777 807 2850 de
834 2777 1022 2876 posteriori
1051 2776 1144 2848 baud
1172 2779 1408 2874 quaerendum
1437 2789 1502 2849 est.
1527 2778 1597 2849 Sed
1620 2779 1764 2871 aceedit,
1791 2777 1886 2876 quod
1911 2777 1954 2848 ad
1984 2790 2112 2850 utram·

398 2923 469 2995 que
503 2897 785 2968 reformationem
822 2899 991 2994 pertinet,
1032 2898 1275 2988 gravissimum
1311 2908 1582 2991 argumentum,
1623 2897 1705 2968 inde
1744 2896 1878 2970 scilicet
1912 2895 2113 2992 petendum,

400 3014 498 3112 quod
524 3015 611 3084 istae
631 3018 774 3109 spuriae
801 3016 933 3088 formae
959 3013 1102 3087 duobus
1128 3015 1388 3109 iureconsultis,
1416 3016 1479 3114 qni
1502 3018 1605 3088 tertio
1624 3016 1757 3088 decimo
1779 3026 1815 3088 et
1838 3014 2111 3113 quartodecimo

400 3132 551 3208 saeculo.
568 3132 721 3204 studium
748 3143 784 3204 et
810 3159 952 3230 operam
979 3136 1015 3204 in
1035 3134 1209 3206 Tancredi
1236 3132 1367 3206 librum
1395 3134 1639 3228 contulerunt,
1666 3159 1814 3231 prorsus
1834 3136 1972 3228 ignotae
1991 3134 2112 3226 fuisse,

401 3250 475 3344 vel,
503 3252 535 3320 si
561 3252 646 3320 istas
677 3254 857 3343 noverint,
885 3249 930 3321 ab
957 3253 1007 3323 eis
1035 3253 1211 3346 neglectae
1238 3279 1315 3326 esse
1343 3253 1516 3324 videntur.

501 3371 638 3441 Etenim
664 3370 957 3442 Bartholomaeus
984 3370 1241 3470 Brixicnsis42)
1277 3369 1732 3470 „libellum-iudiciariam,
1766 3369 1944 3467 quondam
1971 3395 1990 3440 a
2018 3371 2113 3442 Tan·

443 3741 502 3825 33)
545 3739 724 3822 Fabulam,
747 3743 890 3827 quaeda
907 3741 1081 3811 Tancrado
1097 3743 1130 3809 in
1146 3741 1223 3808 Gal·

403 3841 448 3906 lio
459 3854 682 3908 commorante
693 3845 1124 3924 narratur‚taeendamesse
1134 3857 1223 3930 puto.

446 3947 503 4028 37)
548 3943 597 4010 Cf.
621 3965 694 4030 pag.
709 3945 781 4010 229.
800 3965 889 4012 vers.
903 3945 933 4010 6.
953 3951 999 4018 12
1017 3957 1052 4012 et
1064 3965 1158 4032 seqq.
1176 3957 1222 4010 at-

406 4045 654 4130 wffiwb

408 4219 413 4228 ‚
446 4145 504 4229 08)
548 4144 595 4211 Cf
617 4166 690 4230 pag.
709 4147 769 4211 170
791 4159 856 4220 not.
872 4149 913 4230 7.,
928 4169 1004 4234 pag.
1022 4149 1090 4216 175.
1105 4148 1224 4230 not.9.,

405 4269 479 4334 pag.
491 4247 563 4312 213.
580 4258 644 4312 not.
661 4253 725 4327 33,
741 4251 894 4333 pigeat.
909 4263 971 4317 not
985 4252 1048 4330 70.,
1063 4271 1139 4336 pag.
1148 4249 1221 4318 279.

406 4361 462 4420 not
471 4347 767 4434 aspergebant
780 4359 828 4418 11.
841 4351 1054 4425 Quorundam
1061 4353 1157 4418 etiam
1165 4373 1223 4418 ao·

407 4453 529 4516 minum
539 4449 1166 4534 depravatalectiolmcreferendaesae
1176 4455 1223 4523 vi·

413 4553 515 4618 detur.
530 4553 593 4618 Vid
613 4572 689 4636 pag.
704 4551 760 4618 135
779 4556 915 4629 notat,
928 4555 1083 4639 pag-2⁰5.
1095 4566 1161 4620 not.
1171 4553 1222 4620 38.

447 4654 506 4737 39)
550 4653 600 4720 Cf.
615 4675 686 4740 sup.
703 4663 770 4720 nat.
784 4651 835 4721 23.

449 4754 506 4839 40)
551 4753 808 4838 caesanam.
832 4756 870 4822 0.
890 4755 1223 4822 1111111115.

407 4877 483 4942 pag.
500 4855 570 4924 108.
587 4855 657 4922 109.

450 4958 508 5040 11)
550 4955 747 5024 Manendum
767 4957 833 5026 boc
860 4956 952 5038 loeo,
981 4975 1054 5024 eam
1075 4958 1225 5028 decreta·

407 5055 491 5140 lem,
521 5059 573 5124 cui
595 5077 670 5142 pag.
687 5057 757 5124 139.
779 5071 841 5125 not
859 5059 909 5128 35.
937 5058 1001 5126 col.
1018 5060 1047 5124 l.
1064 5077 1155 5125 vers.
1174 5068 1224 5126 11.

410 5159 560 5245 Gregorii
581 5165 611 5225 9.
633 5177 753 5224 nomen
780 5181 895 5242 pamm
921 5171 1010 5228 recte
1030 5162 1223 5244 inscriptum

1291 3745 1454 3822 aenaea)
1471 3741 1513 3807 ad
1529 3741 1739 3807 Tancrednm
1754 3741 1890 3806 missam
1906 3759 1996 3807 esse.

1333 3843 1412 3924 12).
1435 3843 1583 3918 Quatnor
1615 3843 1768 3920 codices,
1788 3841 2048 3934 ,bartholomaei
2074 3843 2113 3909 li·

1291 3945 1385 4016 brom
1401 3943 1612 4025 exhibentes,
1643 3965 1728 4029 quos
1743 3942 1865 4010 contuli
1884 3954 1916 4008 et
1929 3945 1963 4008 in
1978 3946 2113 4012 adnota-

1289 4047 1432 4116 tionibus
1446 4065 1548 4130 saepe
1562 4045 1713 4124 laudavi,
1742 4055 1819 4110 sunt
1833 4043 1884 4112 bi:

1295 4211 1299 4220 ,
1375 4149 1664 4226 Arpcretoratcmta,
1693 4148 1727 4212 ln
1741 4144 1764 4210 f.
1780 4144 1846 4212 vol.
1860 4144 1900 4210 A.
1918 4143 1988 4212 110.
2006 4146 2112 4229 (121.)

1291 4247 1369 4317 bibl.
1384 4250 1574 4329 universit,
1588 4247 1683 4315 form.
1698 4249 1802 4328 med,
1817 4247 2011 4327 membran,
2024 4248 2109 4316 XlV.

1291 4371 1404 4430 saec,
1432 4351 1593 4415 mendose
1615 4351 1772 4433 scriptus.
1797 4348 1967 4434 Persaepe
1981 4346 2111 4433 singula

1290 4453 1396 4520 verba
1410 4452 1535 4517 omissa
1549 4461 1636 4516 sunt.

1374 4557 1600 4631 llrlaaqsaaia,
1622 4551 1695 4617 2ῖ2.
1709 4550 1786 4618 bibl.
1803 4553 1961 4620 universit
1978 4591 1988 4624 ,
2015 4548 2109 4618 1οιιιι.

1291 4655 1395 4733 ned,
1416 4654 1614 4732 membran,
1628 4652 1713 4720 Xlll.
1728 4655 1783 4722 vel
1795 4654 1882 4722 xlv.
1897 4671 2009 4733 saec,
2023 4653 2110 4720 bene

1292 4765 1461 4821 exaratus.

1377 4857 1540 4932 Hatcaaie,
1570 4855 1647 4920 bibl.
1680 4857 1867 4935 universit,
1895 4853 1990 4920 form.
2019 4856 2107 4935 mai,

1292 4959 1484 5036 membran,
1496 4956 1664 5036 Xlllsaec
1678 5002 1689 5037 ,
1704 4956 1877 5022 maximam
1888 4966 2015 5039 partem
2026 4956 2107 5022 satis

1292 5069 1443 5126 accurate
1458 5059 1612 5144 scriptus.

1374 5162 1567 5242 Lipsiensis,
1598 5161 1629 5222 in
1645 5177 1695 5239 pr.
1710 5153 1775 5221 vol.
1791 5153 1928 5220 miscell.
1942 5153 2013 5222 023.
2029 5154 2107 5222 bibl.

409 5274 474 5344 est,
501 5262 544 5328 ab
565 5261 710 5328 Honorio
724 5265 753 5328 3.
775 5279 804 5326 a.
822 5265 903 5332 1224
919 5263 999 5346 (Sic
1023 5265 1168 5329 mamas
1189 5273 1223 5327 et
1289 5263 1471 5345 universit,
1498 5261 1692 5340 membran,
1721 5256 1809 5322 xlv.
1830 5255 1883 5322 rel
1904 5254 1977 5322 XV.
2004 5275 2107 5340 saec,
