4810 5962
784 555 856 641 (De
869 557 1082 625 iureiurando
1098 559 1141 625 de
1156 559 1329 626 calumnia.
1358 558 1389 648 §.
1406 505 1436 626 l.
1450 559 1499 646 2.)
1968 563 2011 628 49

280 749 540 829 recusationis?
592 749 723 846 Resp,
756 772 888 846 posse,
924 773 963 821 re
988 758 1106 822 tamen
1133 749 1291 842 integra,
1328 751 1492 850 quoniam
1521 749 1719 824 humanitus
1746 751 1861 825 iustae
1886 755 2008 850 poeui-

280 854 411 928 tudinis
445 878 518 927 non
551 863 606 925 est
630 848 863 949 amputanda;
905 862 945 922 nt
970 849 1058 923 Cod.
1089 849 1134 922 de
1162 850 1293 948 appell.
1308 848 1346 942 7,
1366 848 1427 923 69.
1455 852 1479 922 l.
1505 854 1537 924 si
1563 855 1656 952 quis.
1671 850 1733 924 28.
1765 865 1801 928 et
1827 879 1901 949 arg.
1927 856 2006 946 Dip.

244 987 246 990 ·
281 958 325 1030 ad
353 955 376 1030 l.
402 957 507 1029 Corn.
537 953 582 1025 de
606 953 686 1024 l'nls.
702 948 768 1044 48,
799 948 860 1024 10.
886 951 911 1024 l.
936 954 998 1051 qui
1023 951 1161 1024 l'alsam.
1188 949 1248 1024 19.
1288 950 1392 1050 (pr.)
1424 978 1498 1044 arg.
1525 954 1610 1049 urg.
1641 956 1684 1028 de
1716 957 1752 1027 in
1786 957 1841 1028 ius
1872 983 1950 1030 voc.
1966 955 2006 1049 ⁶2,

281 1057 317 1131 1.
343 1059 367 1130 l.
394 1051 634 1155 quamvisll.
659 1067 695 1129 et
720 1079 794 1148 arg.
821 1055 900 1146 urg.
926 1053 972 1126 dc
999 1064 1066 1126 aot.
1091 1065 1174 1128 emt.
1200 1064 1236 1126 et
1259 1051 1431 1146 vendut,
1460 1052 1492 1127 1.
1521 1056 1545 1129 l.
1573 1058 1605 1128 si
1631 1055 1841 1133 εἰει-111191.
1864 1057 1899 1158 S.
1928 1059 2006 1154 ult,

280 1163 364 1232 item
387 1174 424 1232 et
447 1158 514 1229 alia
540 1157 699 1250 ratione,
725 1157 828 1254 quia,
854 1157 886 1228 si
911 1153 1072 1227 babuerit
1098 1157 1332 1248 occasionem,
1360 1157 1479 1253 potius
1506 1155 1650 1231 debebit
1676 1158 1780 1232 index
1805 1159 2039 1253 absolvere,5

282 1289 390 1360 quam
413 1260 663 1356 condemnare,
683 1270 723 1330 nt
748 1260 926 1352 ιιι-3113.
949 1257 994 1330 tle
1018 1269 1085 1331 act.
1113 1269 1149 1330 et
1175 1255 1248 1330 obl.
1274 1255 1340 1364 44,
1371 1255 1406 1329 7.
1430 1257 1453 1329 l.
1476 1257 1806 1358 Arrianusotttt,
1831 1287 1912 1334 nam
1926 1288 2006 1336 reus

281 1375 429 1461 propter
454 1363 712 1436 recusationem
738 1361 948 1432 sacramenti
974 1359 1167 1433 calumniae
1193 1385 1334 1457 semper
1368 1360 1641 1454 condemnatur,
1684 1374 1720 1436 et
1745 1364 1804 1434 vix
1832 1378 1892 1435 aut
1917 1392 2005 1438 nun·

256 1493 385 1564 ,qnam
407 1464 502 1537 l'orta
528 1461 805 1556 absolvitur³¹);
849 1460 946 1560 quod
977 1487 1050 1536 non
1076 1463 1318 1556 contingeret,
1362 1464 1395 1533 si
1423 1488 1505 1536 reus
1533 1475 1788 1536 sacramentum
1814 1465 2006 1538 calumniae

282 1571 414 1642 liaccrct
429 1567 498 1661 ³²),
541 1589 623 1636 nam
647 1565 725 1638 lieri
758 1565 911 1660 poterit,
952 1562 1052 1662 quod
1084 1572 1185 1638 actor
1218 1589 1290 1635 non
1315 1563 1485 1663 probabit
1510 1565 1568 1637 vel
1597 1592 1681 1638 reus
1707 1564 1814 1644 elidet
1841 1567 2005 1641 intentio·

283 1695 362 1742 nem
390 1670 519 1740 actoris
546 1693 613 1764 per
635 1667 874 1764 exceptionem
899 1667 1098 1764 oppositam
1127 1675 1163 1738 et
1190 1666 1243 1739 sic
1268 1663 1483 1740 absolvetur.
1534 1667 1605 1758 ‚vet
1629 1678 1751 1765 potest
1775 1667 1862 1762 dici,
1907 1670 2005 1768 quod
2025 1682 2056 1734 ¹⁰

282 1798 353 1844 non
378 1771 482 1844 boeot
515 1795 577 1842 reo
609 1769 809 1867 poenitere,
851 1769 1018 1866 quoniam
1049 1791 1207 1865 semper,
1252 1792 1332 1841 corn
1363 1795 1446 1842 reus
1482 1781 1622 1841 recusat
1653 1767 1774 1842 subire
1809 1796 2006 1845 cacumen·

282 1887 378 1968 tum,
422 1872 533 1944 credit
570 1895 608 1942 sc
642 1871 767 1944 malam
804 1893 944 1942 cansam
978 1867 1128 1962 babere,
1169 1878 1207 1943 et
1238 1869 1275 1941 in
1299 1866 1368 1944 boc
1394 1895 1477 1944 casu
1509 1897 1581 1944 non
1615 1882 1672 1944 est
1698 1872 1799 1944 locus
1825 1875 2006 1968 poeniten·

156 2017 159 2028 ·
280 1977 361 2048 tiae.
420 1975 468 2048 Et
506 1972 550 2046 tle
589 1971 658 2045 boc
700 1971 803 2070 plura
831 1975 1052 2064 'argumenta
1092 1982 1128 2044 et
1165 1970 1262 2066 leges
1300 1984 1449 2071 possunt
1481 1972 1673 2070 inductu).
1733 1971 1804 2046 Sed
1846 1977 2007 2072 superior

281 2078 451 2149 sententia
477 2074 664 2153 bumnuior
689 2087 754 2146 cst.
768 2113 820 2130 -
859 2075 949 2146 ltcm
974 2073 1170 2172 quaeritur,
1197 2097 1242 2144 an
1266 2100 1350 2148 reus
1375 2077 1426 2147 sic
1453 2075 1566 2148 victus
1590 2076 1707 2174 possit
1735 2073 1915 2172 appellare
1929 2076 2006 2166 3⁴st

281 2181 410 2276 Resp,
437 2176 561 2249 dicunt
587 2175 742 2275 quidam,
770 2175 868 2274 quod
895 2201 981 2268 non,
1008 2175 1176 2272 qnoniam
1202 2175 1456 2250 condemnatus
1484 2188 1539 2248 est
1562 2188 1710 2276 propter
1734 2178 2003 2268 contumaciam,
2023 2199 2055 2248 aa

241 2353 244 2360 ,
281 2291 317 2352 et
341 2279 531 2354 adbaerent
558 2278 610 2351 illi
639 2277 747 2351 verbo
774 2302 870 2376 „pro
895 2277 1060 2350 confesso
1088 2273 1283 2370 babetur”;
1324 2278 1383 2350 alii
1407 2303 1492 2350 vero
1517 2277 1661 2372 dicuat,
1704 2277 1799 2377 quod
1826 2276 1915 2350 bene
1942 2306 2007 2376 po·

281 2380 591 2584 {⁰‘l²ail¹’il¹¹.'.‘⁵
617 2378 1381 2556 111111’.111ῗέιωῖ1”1..111.“1”1
1400 2375 1915 2582 i'¹{'..l.⁰..ill.⁶¹li⁹’g¹‘.÷l
1942 2382 2007 2554 :t

281 2599 353 2658 tam
375 2588 415 2657 is.
431 2581 465 2656 9.
484 2585 532 2676 ³⁶)
558 2510 610 2638 g-
660 2586 749 2657 ltem
776 2584 971 2682 quaeritur,
999 2609 1059 2676 an,
1084 2584 1113 2654 si
1140 2593 1223 2655 tunc
1242 2531 1325 2656 retis
1352 2585 1524 2672 voluerit,
1551 2596 1590 2656 ut
1611 2595 1713 2657 actor
1735 2583 1781 2655 de
1806 2582 1926 2682 aliquo
1952 2586 2006 2655 in·

282 2698 482 2781 terrogetur
507 2713 572 2784 per
595 2697 850 2759 sacramentum
876 2683 1089 2776 calumniae,
1117 2681 1261 2758 debebit
1286 2685 1521 2780 interrogari?
1574 2687 1704 2784 Resp,
1732 2685 1881 2758 minime.
2023 2701 2056 2752 to

382 2789 417 2890 §.
437 2792 467 2880 ¹)
520 2791 662 2863 iuratur
685 2787 731 2861 de
756 2786 927 2860 calumnia
950 2789 987 2858 in
1015 2785 1179 2860 omnibus
1206 2789 1333 2860 causis.
1360 2799 1401 2860 ut
1426 2787 1514 2860 cod.
1538 2787 1583 2860 tle
1613 2790 1755 2859 iureiur.
1784 2797 1902 2885 propt.
1933 2787 1998 2858 cal.
2010 2787 2044 2884 ἓ
2055 2785 2088 2858 1.

280 2889 452 2984 15111.
481 2887 514 2962 1.
537 2903 573 2963 et
600 2890 624 2961 l.
651 2887 687 2963 P.
714 2891 808 2964 circa
832 2891 944 2989 princ.

301 3029 304 3036 ⁴
385 2994 451 3066 llic
479 2993 680 3089 quaeritur,
715 3017 758 3062 aa
783 2993 818 3062 iu
846 2989 1088 3064 criminalibus
1116 2991 1163 3064 sit
1186 2989 1372 3062 iurandum
1398 2989 1443 3061 tle
1471 2989 1667 3062 calumniat
1716 2991 1850 3088 Resp,
1885 2979 2006 3064 dicunt

269 3095 443 3192 (quiritur,
482 3095 623 3191 utiquc,
662 3091 893 3166 adbaeremes
919 3091 973 3164 illi
997 3091 1109 3166 verbo
1138 3094 1203 3184 „in
1228 3089 1392 3165 omnibus
1418 3092 1576 3184 causis'’‚
1612 3106 1647 3166 et
1674 3092 1778 3166 alteri
1803 3089 1913 3166 verbo
1940 3095 2004 3185 „in
2037 3145 2041 3156 .

282 3194 473 3288 „omnibns
499 3193 621 3268 litibus
646 3194 734 3266 etc.”
760 3205 797 3268 et
817 3217 890 3287 arg.
919 3193 1007 3266 Cod.
1035 3194 1079 3267 tle
1105 3193 1165 3266 fid.
1192 3191 1347 3285 iustel,
1368 3189 1430 3264 91.
1457 3192 1480 3264 l.
1507 3193 1570 3266 ult.
1584 3191 1645 3268 91.
1671 3206 1707 3267 et
1732 3219 1806 3287 arg.
1837 3197 1872 3265 in
1894 3195 2004 3267 Autlr.
2023 3214 2055 3263 as

282 3309 322 3369 nt
348 3297 495 3393 litigant.
524 3299 590 3369 ior.
617 3295 710 3394 §.ai
736 3298 815 3396 quis
848 3321 893 3370 ex
924 3294 1173 3390 litigatoribus.
1201 3295 1282 3368 coll.
1300 3291 1336 3366 9.
1363 3293 1473 3392 (Nor.
1491 3293 1577 3370 194.
1603 3323 1633 3368 c.
1647 3294 1718 3392 2),
1751 3296 1811 3368 alii
1837 3321 1924 3368 vero
1951 3298 2003 3368 di·

282 3411 386 3491 cunt,
424 3397 522 3498 qnod
549 3399 585 3472 in
612 3395 852 3472 criminalibus
880 3422 1101 3498 nequaquam
1126 3395 1233 3471 debet
1265 3398 1373 3470 iurari
1395 3397 1440 3470 de
1466 3397 1656 3490 calumnia,
1697 3410 1873 3472 sumentes
1901 3423 2003 3493 argu·

282 3775 355 3818 „me
377 3754 496 3820 melius
519 3753 709 3838 apparuerit
735 3764 768 3820 ot
797 3757 825 3821 si
848 3773 904 3819 res
928 3753 1104 3838 exegerit.”
1174 3751 1256 3837 alcg.
1271 3753 1402 3840 possint
1416 3753 1500 3818 iud.’'
1513 3752 1552 3818 P.
1582 3789 1617 3800 -
1650 3765 1809 3838 *possunt
1823 3753 1868 3838 pl.
1883 3777 1953 3840 arg.
1969 3767 2001 3820 ct

282 3854 350 3935 (Cf.
364 3866 430 3924 not.
446 3855 496 3922 34.
512 3856 556 3921 ati
570 3854 600 3920 lu
616 3866 698 3941 part
713 3853 743 3942 §.
757 3856 802 3932 4.)
1018 3846 1024 3862 ’
1175 3851 1257 3940 cleg.
1272 3853 1362 3920 ind.”
1377 3853 1418 3920 G.
1448 3891 1489 3904 -
1520 3852 1584 3938 apl.
1600 3866 1677 3920 suut
1691 3875 1760 3942 arg.
1784 3865 1817 3920 et
1829 3854 1894 3940 leg.
1910 3857 2002 3921 indu·

322 3955 382 4040 30)
425 3957 595 4022 Arrianus.
623 3993 666 4008 -·
694 3955 730 4021 P.
759 3958 965 4024 „manus”
996 3993 1038 4003 -
1066 3955 1105 4022 Β.
1175 3957 1300 4022 „ctae”
1315 3955 1353 4020 Β.

283 4059 482 4124 „amamus”
495 4095 538 4106 -
553 4057 593 4125 G.
609 4058 824 4125 »habemust’
1215 4055 1276 4141 34)
1319 4055 1370 4124 Gi.
1386 4061 1531 4138 Hispalae.
1549 4061 1588 4123 u.
1605 4063 1644 4122 Β.
1660 4057 1691 4144 3.
1708 4057 1756 4122 78.
1772 4076 1840 4141 pag
1857 4057 1930 4122 310.

366 4157 416 4226 (11.
431 4160 465 4226 h.
478 4157 500 4226 l.
515 4171 587 4226 test.
604 4163 648 4224 10.
664 4159 764 4224 Andr.
780 4165 826 4225 ad
837 4165 878 4226 Ι).
893 4182 940 4242 sp·
956 4159 1011 4226 lib.
1027 4159 1056 4226 3.
1073 4178 1105 4243 p.
1216 4157 1276 4244 35)
1319 4157 1370 4224 Cf.
1389 4160 1493 4224 Gloaa.
1525 4160 1557 4224 1ιι
1585 4181 1614 4224 v.
1645 4157 1879 4243 appellationis
1908 4161 2033 4226 nuxia

281 4261 310 4326 1.
324 4260 370 4326 tit.
386 4262 428 4327 tic
442 4262 556 4328 iuram.
574 4260 636 4327 cal.
652 4259 682 4348 §.
691 4259 726 4324 15.
741 4281 826 4328 num.
847 4262 876 4327 l.
891 4262 924 4326 ia
938 4281 969 4326 v.
984 4262 1107 4328 iussus.
1174 4259 1265 4326 lium.
1280 4279 1368 4326 vers.
1384 4263 1462 4326 item
1476 4273 1560 4326 nota.
1592 4295 1631 4308 -
1661 4255 1705 4324 10.
1721 4261 1822 4325 ‚laeta
1844 4267 1888 4325 ud
1898 4265 1937 4324 D.
1951 4285 2002 4345 ap.

282 4381 368 4429 vers.
384 4361 440 4428 vel
453 4361 537 4429 forte
553 4363 718 4453 poenituit.
1174 4359 1230 4426 lib.
1245 4361 1276 4426 2
1291 4381 1323 4444 p.
1338 4361 1368 4426 2.
1382 4362 1432 4426 tit.
1448 4363 1489 4428 tie
1505 4365 1619 4428 iuram.
1635 4362 1698 4429 ool.
1719 4361 1746 4450 §.
1763 4363 1794 4428 5.
1809 4383 1896 4427 num.
1914 4362 1941 4426 l.
1958 4365 2003 4428 atl

324 4464 383 4547 31)
428 4464 483 4549 Sp.
501 4466 577 4530 add.
592 4465 629 4530 Β.
646 4465 686 4532 G.
701 4464 783 4530 anisi
798 4475 891 4530 esset
905 4463 981 4532 talis
995 4466 1139 4549 petitio·
1176 4461 1252 4546 urg.
1268 4463 1310 4526 dc
1325 4463 1448 4546 appell.
1463 4464 1485 4528 l.
1503 4463 1657 4554 creditor.
1673 4463 1704 4550 §.
1723 4467 1845 4529 iussus.
1867 4461 2001 4528 ”Pillius

255 4611 259 4618 ,
282 4566 433 4646 cantoris,
449 4567 536 4652 quod
553 4566 710 4644 dictum‚'’
724 4563 777 4642 (B.
792 4599 835 4614 ·-
848 4563 901 4630 At
917 4577 971 4632 aut
985 4567 1106 4633 dictum
1176 4564 1251 4628 aubi
1267 4566 1390 4646 supra'’
1406 4568 1441 4644 (i.
1457 4585 1486 4631 c.
1502 4577 1587 4650 part.
1603 4576 1675 4630 tert.
1698 4607 1739 4618 -
1760 4562 1809 4630 Cs-
1831 4575 1897 4630 not.
1913 4567 1942 4630 l.
1958 4567 2001 4632 ad

283 4667 385 4732 „est”
410 4666 467 4749 G.)
491 4686 533 4733 »a
555 4687 620 4752 qua
638 4687 719 4733 reus
745 4665 995 4750 absolveretur,
1024 4671 1108 4735 etsi”
1175 4663 1306 4748 lapart
1318 4670 1392 4750 pr.)
1415 4669 1551 4750 „parte”
1577 4666 1705 4744 (Fuerit
1720 4667 1848 4732 „roos”
1877 4701 1919 4716 -
1947 4666 2000 4732 Cf.
2019 4681 2052 4731 ro

282 4769 340 4849 (G.
354 4805 396 4817 -
410 4767 465 4834 Al.
477 4769 559 4835 „et”
574 4767 629 4849 Β.)
646 4780 909 4836 „sacramentum
923 4768 1106 4836 calumniae
1176 4777 1242 4833 not.
1255 4766 1283 4831 3.
1302 4767 1345 4832 ad
1360 4765 1382 4831 b
1408 4779 1492 4853 part.
1503 4766 1538 4854 ·§.
1553 4767 1601 4847 3.)
1623 4767 1789 4832 saecunda
1810 4769 1854 4834 ad
1868 4768 1891 4834 1.
1906 4769 2001 4835 indu-

283 4871 525 4954 „praestitisset
539 4880 573 4935 ct
587 4871 672 4936 bene
687 4881 855 4936 constaret
871 4873 913 4937 dc
931 4873 1107 4940 intentione
1176 4871 1240 4936 anit
1253 4870 1352 4936 eund.
1367 4867 1417 4956 §.’'
1498 4899 1501 4906 ·

282 4972 456 5039 auctoris.”
485 5009 527 5018 -
555 4971 593 5035 P.
609 4971 742 5038 omissis
758 4973 881 5056 priorib
905 4977 996 5040 verb.
1018 4975 1105 5056 „etsi
1181 4969 1273 5056 ,36)
1318 4969 1368 5036 cf.
1384 4975 1423 5034 11.
1439 4977 1480 5036 Β.
1498 4977 1562 5035 cod.
1582 4973 1665 5034 cleis.
1690 4967 1722 5056 §.
1740 4970 1810 5035 143.
1836 4990 1912 5056 pag.
1926 4969 2000 5036 935.

282 5095 444 5142 asnorum.
461 5109 501 5122 -
515 5109 558 5120 -
572 5074 724 5139 actoris.”
756 5109 793 5122 -
827 5072 878 5140 Cl'.
900 5085 967 5140 not
988 5075 1039 5142 29.
1063 5076 1105 5141 ad
1217 5072 1252 5153 l)
1295 5071 1333 5136 B.
1348 5073 1448 5138 inscr-
1468 5073 1523 5138 aln
1543 5071 1663 5156 qtribus
1685 5075 1799 5138 causis
1814 5083 2001 5156 praestetur

280 5175 312 5242 la.
328 5175 357 5262 §.
1177 5185 1440 5240 „sacramentum
1461 5173 1646 5240 calumniae
1670 5185 1702 5238 et
1722 5195 1765 5238 aa
1783 5174 1816 5238 in
1839 5174 1999 5240 criminali
2022 5199 2050 5248 15

192 5283 198 5296 “
324 5277 382 5359 31)
421 5285 548 5362 faceret.
564 5314 603 5324 -
629 5278 665 5342 P.
682 5276 722 5342 G.
751 5312 793 5324 -
821 5276 874 5342 Al.
890 5273 1054 5344 „fectrit”
1067 5277 1107 5342 Β.
1177 5295 1299 5342 »causa
1314 5276 1437 5340 ituatur
1452 5275 1494 5338 de
1510 5273 1704 5342 calumuiu.”
1720 5310 1762 5322 -·
1782 5274 1819 5340 P.
1842 5277 1896 5342 aln
1912 5278 1998 5362 quib.
2038 5347 2041 5353 ,

323 5379 383 5464 33)
422 5384 466 5461 pl.
480 5401 546 5459 ary.
561 5389 594 5442 et
604 5382 661 5460 lep.
672 5401 757 5462 porr.
772 5385 835 5443 iud.
851 5413 892 5426 -·-
907 5375 969 5463 apl.
987 5397 1057 5462 arg.
1074 5387 1107 5442 et
1174 5399 1282 5444 acaus-
1298 5395 1383 5442 socr.
1399 5375 1462 5441 cul.
1478 5377 1697 5460 praestetur.”

1781 5529 1806 5602 7
