4782 5960
417 551 482 622 000
608 579 612 590 ·
1004 543 1140 614 amaa
1153 547 1198 612 ae
1211 546 1360 612 ausen.
1375 547 1449 614 ora.
1477 546 1512 614 Ρ.
1530 547 1560 613 1.

420 743 538 820 nonioi
563 737 678 840 plebis
703 739 749 812 de
771 737 901 832 Costa,
938 748 1097 831 constat,
1138 736 1241 836 qnod
1262 736 1385 810 literae
1411 738 1609 834 sigillorum
1642 736 1849 812 discordant
1872 762 1893 809 a
1918 737 2032 814 literis
2060 741 2148 815 cita·

422 848 550 940 tienis3
586 856 621 915 et
649 843 729 914 ideo
753 854 1028 940 praesumuntur
1053 841 1173 912 falsae.
1200 841 1245 911 X.
1271 842 1313 912 G.
1339 839 1384 912 de
1410 842 1542 939 appell.
1559 840 1596 934 Β,
1612 839 1672 912 08.
1698 869 1728 913 c.
1754 841 1972 934 significavit.
1987 840 2050 916 08.
2076 835 2147 947 100)

421 993 472 1007 -
499 946 604 1038 Quod
631 959 746 1017 autem
778 944 901 1016 literae
935 944 1087 1016 iudicum
1122 940 1262 1013 valeant
1292 968 1372 1013 cunr
1399 943 1525 1038 sigillis
1551 945 1693 1036 alienis,
1736 941 1805 1016 hoc
1831 945 1915 1015 lacit
1936 950 2148 1042 protestatio

421 1053 576 1126 iudicum
594 1051 676 1140 100),
723 1071 829 1143 quarn
856 1059 993 1143 ponunt
1028 1048 1063 1116 in
1090 1045 1159 1116 line
1186 1045 1387 1134 literarum,
1433 1073 1521 1146 quae
1545 1047 1753 1146 frequenter
1782 1046 1917 1118 relevat
1944 1061 2147 1146 protestan-

390 1167 503 1229 stem.
530 1153 576 1223 X.
603 1152 645 1222 G.
672 1148 768 1248 quod
793 1161 906 1220 metus
932 1173 1050 1221 esum.
1066 1143 1178 1239 ΜΟ.
1205 1173 1235 1217 e.
1253 1144 1287 1217 l.
1309 1136 1377 1248 101)
1868 1241 1875 1252 .

522 1253 652 1326 Literis
682 1253 790 1344 igitur
815 1253 984 1344 signatis,
1027 1262 1065 1320 ut
1092 1251 1320 1346 praemissum
1347 1260 1427 1341 est,
1455 1261 1554 1322 actor
1580 1275 1639 1322 eas
1666 1251 1815 1346 accipiat
1842 1263 1878 1322 ct
1905 1254 2024 1324 statim
2051 1252 2147 1326 dele·

310 1399 315 1406 ·
423 1368 479 1432 rat
491 1357 535 1428 ad
551 1356 732 1426 citatoreot
749 1355 832 1446 ¹⁰⁵);
860 1355 897 1424 in
923 1379 1072 1450 quarum
1098 1353 1382 1448 praesentatione
1407 1352 1454 1422 sit
1480 1365 1616 1445 cautus,
1644 1377 1688 1424 ne
1715 1353 1832 1444 sigilla
1860 1354 2068 1448 frangantur
2091 1355 2149 1428 vel

422 1457 592 1555 1000100)
624 1457 769 1550 cadant3
820 1466 856 1527 et
894 1465 1081 1552 praesente
1114 1453 1254 1524 notario
1287 1479 1346 1525 eas
1378 1456 1540 1552 porrigat
1574 1453 1819 1552 011010πί101);
1862 1467 1898 1528 et
1924 1457 2031 1529 saciat
2056 1456 2148 1546 iude,

422 1565 452 1636 si
474 1584 619 1634 neeesse
646 1559 772 1651 luerit,
800 1557 924 1630 confici
950 1559 1242 1647 instrumentum,
1276 1557 1372 1626 euius
1406 1567 1510 1630 tenor
1536 1568 1592 1629 est
1617 1557 1718 1628 tulis:
1751 1563 1886 1652 „Anno
1914 1559 2056 1631 Domini
2082 1571 2148 1633 ete.

375 1695 407 1748 10
424 1661 641 1763 „presbyter
666 1661 711 1732 Β.
739 1661 978 1757 praesentavit
1004 1657 1145 1728 domino
1171 1656 1327 1753 plebane
1353 1658 1397 1730 de
1422 1658 1486 1730 tuli
1513 1659 1593 1731 loeo
1621 1658 1743 1731 literas
1779 1685 1824 1731 ex
1853 1673 1955 1758 parte
1986 1661 2147 1736 domine·

420 1793 530 1864 „rum
557 1765 599 1835 Β.
623 1773 660 1835 et
685 1761 722 1831 S.
748 1774 784 1834 et
809 1763 873 1853 Β,
899 1761 1147 1832 canonicorum
1173 1761 1423 1853 Aretinorum,
1460 1784 1480 1830 a
1512 1761 1598 1834 sede
1634 1761 1832 1859 apostoliea
1867 1762 2020 1835 iudicem
2052 1763 2148 1835 dele·

421 1881 630 1966 „gatos-mn:
659 1864 852 1936 reverendo
879 1863 918 1932 in
946 1861 1091 1935 Christo
1118 1861 1209 1932 ete.”
1242 1899 1293 1917 «-
1329 1874 1365 1934 et
1391 1875 1501 1958 ponat
1528 1865 1603 1962 ipse
1637 1865 1797 1936 neurius
1830 1875 1986 1936 tenorem
2012 1867 2148 1940 citatio·

424 1975 478 2045 nis
505 1970 549 2041 de
577 1964 686 2039 verbo
713 1967 757 2038 ad
780 1964 949 2057 verbum,
988 1977 1024 2036 et
1056 1965 1091 2034 in
1122 1963 1193 2034 line
1217 1961 1425 2058 subiungat:
1452 1989 1549 2059 „ego
1575 1967 1736 2037 notarius
1763 1968 1806 2038 Τ.
1833 1966 2005 2038 dictarum
2030 1967 2148 2040 litera·

424 2096 531 2169 „rum
556 2069 832 2168 praesentationi
856 2067 1000 2139 interlui
1027 2077 1064 2138 et
1089 2065 1287 2162 praedictos
1313 2066 1434 2139 literas
1461 2093 1542 2140 cum
1566 2067 1693 2162 sigillis
1719 2067 1981 2166 praedictorum
1999 2071 2149 2142 iudicum

375 2195 408 2248 1⁵
455 2176 523 2247 lei
551 2170 642 2245 etc-’⁹
1756 2233 1761 2248 .

425 2227 452 2272 ”
489 2201 666 2348 g(litator
691 2283 832 2365 autem,
859 2270 971 2342 literis
996 2271 1151 2367 receptis
1178 2280 1215 2342 et
1239 2269 1419 2368 perlectis,
1447 2271 1479 2342 si
1503 2295 1601 2364 rens,
1627 2273 1690 2369 qni
1713 2269 1820 2344 dehet
1848 2273 1960 2364 citari,
1986 2273 2074 2344 alias
2097 2284 2153 2346 est

425 2381 499 2454 eins
528 2375 716 2469 subditus,
743 2373 787 2445 ad
814 2397 914 2444 suam
940 2373 1174 2469 praesentiam
1199 2372 1369 2467 advocet3
1395 2374 1425 2445 si
1451 2398 1537 2446 vero
1563 2399 1636 2446 non
1662 2375 1709 2445 sit
1733 2373 1765 2446 ei
1788 2372 1954 2446 subditus
1979 2375 2038 2448 vel
2063 2375 2148 2447 alias

425 2483 472 2554 sit
497 2503 622 2572 magns
650 2500 823 2575 persona,
857 2477 1008 2571 ipsemet
1032 2474 1178 2547 accedat
1203 2475 1248 2545 ad
1273 2501 1374 2570 eum,
1411 2486 1596 2572 praesente
1622 2476 1763 2549 notario
1793 2476 1852 2548 rel
1879 2477 2016 2550 idoneis
2045 2481 2146 2552 testi·

425 2582 513 2674 bns,
553 2605 618 2677 per
644 2603 734 2679 quos
759 2588 885 2675 posset
915 2577 1034 2648 citatio
1062 2575 1230 2673 probari,
1257 2575 1422 2650 siluerit
1451 2602 1616 2670 neoesse,
1659 2579 1778 2676 ipsum
1810 2579 1894 2650 citet
1919 2581 2015 2652 iuxta
2041 2581 2150 2654 tradi-

375 2699 410 2753 00
426 2697 497 2759 tum
524 2681 591 2754 silti
617 2683 788 2775 sormam3
828 2691 865 2751 ct
890 2679 1003 2750 iaciat.
1024 2677 1107 2750 inde
1131 2678 1227 2770 lieri,
1265 2680 1294 2749 si
1320 2691 1455 2776 potest,
1497 2677 1681 2777 publicum
1709 2678 2004 2774 instrumentum,
2049 2686 2148 2758 maus

420 2789 537 2860 forma
563 2786 629 2858 erit
656 2783 753 2854 talis:
779 2785 912 2875 „Anno
941 2781 1083 2852 Domini
1108 2791 1175 2852 etc.
1201 2781 1378 2875 Andreas,
1405 2779 1580 2879 plebanus
1594 2781 1676 2854 talis
1690 2779 1806 2880 plebis
1821 2781 1902 2854 talis
1916 2781 2000 2878 loci,
2026 2785 2146 2860 citarit

399 2878 605 2992 .,‚B.¹⁰⁸)‚
646 2882 894 2983 presbyterum
927 2881 1011 2953 talis
1044 2882 1135 2974 loci,
1176 2907 1221 2954 ex
1256 2894 1357 2980 parte
1383 2883 1603 2956 dominorum
1631 2883 1675 2956 Β.
1709 2894 1746 2956 et
1771 2884 1811 2956 (l.
1834 2897 1870 2956 ct
1894 2886 1960 2978 Β,
2007 2890 2147 2962 000οηί-

428 3015 578 3085 „cornm
609 2988 854 3077 Aretinorum,
898 3009 917 3054 a
945 2983 1030 3055 sede
1055 2984 1250 3082 apostolica
1277 2985 1430 3060 iudicum
1456 2986 1719 3079 delegatorum,
1744 2998 1780 3058 et
1806 2989 1987 3084 praecepit
2012 2989 2044 3060 ei
2070 3015 2148 3087 per·

427 3093 620 3190 „enstorie,
666 3088 764 3187 quod
791 3086 957 3180 vigesima
985 3086 1043 3158 die
1069 3085 1268 3184 posthanc
1301 3089 1498 3160 citationem
1530 3089 1566 3158 in
1594 3088 1734 3160 civitate
1760 3091 1910 3160 Aretinu
1931 3091 1968 3160 in
1994 3089 2148 3168 clanstro

377 3207 411 3260 25
428 3193 599 3290 „maioris
627 3191 793 3264 ecclcsiae
818 3213 883 3287 per
908 3213 947 3260 se
963 3187 1026 3286 100)
1054 3188 1111 3260 vel
1137 3215 1202 3286 per
1234 3188 1398 3264 idoneum
1427 3189 1668 3288 responsalem
1694 3202 1916 3287 compareat,
1955 3217 2073 3266 eoram
2099 3197 2149 3268 eis

427 3295 666 3394 „presbytero
702 3293 770 3387 Β,
813 3290 858 3361 de
896 3315 938 3361 eo
975 3292 1225 3389 conquerenti,
1271 3290 1528 3364 rationabiliter
1568 3313 1826 3391 responsurus3
1866 3293 2021 3392 alioquin
2047 3298 2148 3390 sciat,

428 3397 554 3496 „quod
578 3393 749 3492 praedicti
775 3392 910 3465 indices
937 3393 1152 3488 procedent,
1187 3394 1278 3464 sieut
1310 3395 1416 3486 exigit
1441 3393 1531 3466 ordo
1558 3395 1655 3466 iuris.
1706 3394 1785 3486 Ego
1814 3396 1858 3468 Τ.
1886 3397 2150 3473 noanneane

427 3497 612 3594 „citationi
636 3496 781 3568 interlui
809 3493 912 3566 etde
940 3493 1105 3568 mandato
1132 3494 1216 3568 dicti
1242 3498 1399 3568 citatoris
1426 3495 1584 3592 scripsi.'’
1669 3503 1672 3508 '

528 3602 609 3671 lloc
633 3610 749 3670 autem
772 3596 870 3667 sacto
894 3619 978 3667 reus
1012 3598 1058 3668 sit
1091 3611 1216 3670 cautus
1247 3608 1283 3670 et
1317 3609 1415 3694 petat
1440 3599 1576 3695 copiam
1600 3597 1790 3671 citationis.
1868 3599 2006 3672 Citatur
2029 3619 2148 3678 antem

379 3715 413 3769 00
430 3703 622 3801 praecipiat
649 3699 809 3790 notario,
834 3695 932 3795 quod
959 3697 1173 3771 transcribat
1197 3698 1250 3770 illi
1277 3699 1397 3775 literas
1424 3701 1613 3793 citationis,
1640 3726 1727 3799 quas
1751 3723 1772 3770 a
1799 3697 1970 3775 iudicibus
1998 3709 2146 3806 recepit,

425 3806 474 3878 ita
500 3803 597 3905 qnod
619 3799 805 3895 originalia
831 3798 925 3897 apud
950 3800 1066 3894 ipsum
1089 3812 1305 3874 remaneant.
2009 3821 2013 3828 ’

526 3909 625 3996 Quae
661 3914 776 3976 antem
809 3899 855 3974 de
887 3899 1058 3996 delegatis
1091 3903 1264 3998 diximus,
1310 3901 1359 3988 ,de
1395 3901 1556 4002 ipsorum
1597 3900 1837 3998 subdelegatis
1874 3905 2049 4002 intelligas
2093 3938 2147 3986 re·

426 4009 546 4107 petita.

344 4185 425 4263 ΤΒ.
696 4190 699 4199 ’
1120 4187 1173 4254 De
1189 4187 1464 4276 delegationibus.

377 4325 410 4376 as
529 4313 664 4384 Verum
693 4312 777 4410 quia
800 4308 933 4384 iudices
966 4307 1179 4484 guandoqne
1205 4335 1333 4383 causae
1365 4311 1534 4384 interesse
1562 4339 1634 4384 nou
1664 4325 1815 4411 possunt
1847 4342 1889 4390 ac
1915 4329 2058 4414 oportet
2085 4346 2148 4393 cos

302 4513 308 4524 Ι
425 4419 523 4592 ί011000
552 4439 637 4486 suas
666 4413 745 4485 aliis
766 4411 796 4512 1)
826 4414 967 4514 aliquan
994 4440 1014 4485 o
1041 4411 1217 4509 delegare,
1246 4413 1397 4512 qualiter
1423 4411 1491 4484 hoc
1517 4413 1633 4488 lacere
1654 4429 1820 4515 possunt,
1849 4417 2003 4492 breviter
2027 4434 2148 4495 osten·

451 4543 563 4592 amus.

473 4765 552 4847 100)
595 4765 708 4832 lnnoc.
723 4764 757 4831 3.
1323 4765 1423 4838 bend.
1439 4769 1612 4836 „ennae”

473 4867 552 4950 103)
594 4873 740 4932 sedeam.
755 4873 801 4916 -'
810 4867 852 4933 B.
869 4867 1036 4934 „iudicis”
1367 4869 1449 4952 107)
1490 4878 1620 4938 citatort
1636 4908 1678 4922 -
1692 4873 1731 4940 Β.
1747 4874 1898 4940 „eitam”

472 4971 551 5053 104)
593 4968 802 5038 Alexandtl.
832 4966 886 5034 Gt.
902 4968 1007 5035 Gtoas.
1028 4969 1064 5033 in
1082 4987 1113 5034 v.
1134 4987 1255 5055 prope·
1368 4971 1446 5051 108)
1487 4977 1527 5040 Β.
1543 4974 1597 5040 ab.
1611 4993 1633 5040 a
1647 4974 1686 5040 B.
1838 4989 1841 4999 ·

427 5073 504 5142 suit.
1368 5073 1447 5156 109)
1485 5097 1600 5157 perse.
1614 5075 1654 5140 Β.
1666 5093 1731 5141 om.

394 5181 411 5234 5
472 5172 550 5254 1⁰5)
593 5179 761 5237 ditiorem·
777 5201 819 5218 ··
833 5169 873 5236 B.
888 5171 1072 5238 „citatim”
1368 5175 1403 5252 l)
1446 5179 1528 5243 atita.
1544 5175 1640 5242 —B.
1655 5175 1817 5246 „altius”

470 5273 548 5356 106)
589 5277 724 5337 inite-
739 5270 780 5337 B.
794 5271 853 5340 ull.
866 5273 931 5340 ut?
944 5311 986 5326 -
1000 5273 1159 5342 Fortasse
1174 5275 1255 5342 scri·
1753 5298 1757 5307 ·
