4782 5960
397 609 461 674 ὣς
989 589 1125 657 amase
1142 587 1347 656 acanum.
1361 588 1433 654 aa.
1460 587 1500 654 r.
1516 587 1547 652 1.

397 795 560 870 'taetitia-
585 783 823 885 postulante,
849 781 956 854 iudex
981 779 1027 852 ad
1051 805 1151 852 snam
1177 781 1412 876 praesentiam
1435 803 1535 852 reum
1559 777 1666 852 debet
1691 805 1879 872 revomre,
1914 779 2015 873 idco,
2043 805 2131 878 qna·

402 903 484 972 liter
509 905 546 963 et
573 891 739 988 quotiens
767 911 849 958 reus
875 886 922 956 sit
948 883 1130 974 citandm,
1161 880 1316 956 breviter
1342 881 1635 954 demonstremus.

503 993 636 1065 cinno
677 991 768 1061 enim
800 985 908 1058 debet
938 987 1014 1058 lieri
1048 1009 1113 1083 per
1145 985 1305 1056 nuntium
1336 983 1393 1056 vel
1419 1009 1486 1081 per
1517 984 1658 1079 literas3
1697 985 1889 1083 aliquando
1915 985 2002 1056 citat
2025 983 2133 1056 iudex

402 1097 554 1199 proprio
581 1118 666 1184 ore,
691 1095 720 1162 si
746 1115 846 1160 ream
874 1089 1026 1182 invenit,
1059 1087 1122 1160 red
1147 1086 1218 1160 boc
1243 1085 1367 1160 ultimo
1394 1087 1665 1183 praetermisso,
1692 1090 1777 1186 quia
1802 1113 1883 1160 nra
1907 1086 2057 1176 accidit,
2088 1085 2133 1158 dc

369 1185 546 1277 sduobus
572 1195 686 1266 modis
708 1203 911 1264 tractemus.

320 1332 342 1386 a
370 1325 401 1399 p·
503 1297 539 1397 5.
591 1296 702 1368 ludex
726 1319 792 1392 per
817 1294 978 1364 nuntium
1007 1293 1094 1363 citat
1119 1316 1238 1384 rcum,
1279 1302 1315 1364 et
1345 1290 1499 1388 simplici
1527 1294 1714 1364 assertioni
1740 1293 1854 1364 nuntii
1878 1290 2023 1364 eredere
2053 1299 2131 1384 pot·

318 1371 354 1430 ‘⁸‘
404 1417 469 1477 est.
498 1414 538 1472 ut
564 1401 612 1471 Χ
640 1399 682 1471 G.
717 1396 763 1468 de
798 1392 931 1492 appell.
948 1391 987 1484 2,
1002 1389 1063 1464 28.
1097 1418 1127 1464 c.
1164 1421 1244 1466 cum
1275 1395 1401 1490 parati.
1418 1393 1450 1489 ²)
1477 1389 1537 1464 19.
1556 1386 1592 1492 1)
1624 1396 1713 1468 llist.
1728 1391 1791 1468 86.
1826 1419 1861 1468 e.
1892 1383 2130 1492 ussaw)

404 1519 441 1579 et
466 1529 540 1597 arg.
566 1502 658 1572 llist.
670 1495 731 1568 97.
749 1497 782 1594 ⁵)
811 1523 841 1568 c.
867 1493 1172 1568 ιιο1ιίΙίιιίιιιιιε.5.
1191 1496 1223 1592 1)
1276 1495 1348 1566 Sed
1376 1520 1459 1564 rens
1486 1521 1675 1594 numquam
1706 1508 1847 1568 tenetur
1875 1495 2020 1570 eredere
2047 1494 2131 1566 sim·

405 1608 490 1707 plici
516 1601 704 1675 mertioni
728 1599 863 1690 nuntii,
890 1601 921 1668 si
950 1597 1148 1670 mandatum
1176 1623 1250 1668 non
1274 1596 1490 1689 ostenderit,
1516 1599 1563 1669 ita
1590 1598 1686 1696 qnod
1712 1625 1776 1696 per
1802 1599 1908 1672 talem
1933 1597 2132 1680 citationem

356 1735 390 1786 ιο
407 1718 573 1782 teneatur
597 1704 727 1774 venire.
753 1703 799 1774 Χ.
828 1703 871 1774 G.
896 1699 942 1771 de
974 1701 1115 1772 inreiar.
1132 1697 1170 1790 2,
1186 1697 1248 1772 24.
1281 1724 1312 1770 c.
1341 1724 1409 1792 ego
1436 1700 1481 1772 N.
1493 1697 1531 1770 1.
1548 1701 1580 1798 ⁷)
1613 1701 1740 1772 llicere
1774 1711 1893 1774 tamen
1926 1720 2131 1797 possumus,

406 1810 502 1908 quod
529 1809 565 1876 in
586 1804 655 1876 boc
682 1803 831 1874 articulo
859 1813 954 1873 esset
980 1803 1099 1898 potius
1123 1800 1438 1894 distinguendum,
1471 1813 1590 1873 utrum
1616 1803 1745 1874 citetur
1768 1800 1815 1873 ab
1843 1803 2043 1892 ordinario,
2075 1798 2133 1872 vel

406 1912 593 2002 delegato,
625 1907 661 1974 in
686 1907 800 2003 primo
830 1915 990 1996 tenetur,
1025 1906 1062 1974 in
1087 1903 1245 1976 secundo
1272 1928 1357 1974 casu
1382 1929 1453 1976 non
1482 1916 1637 1996 tenetur,
1665 1907 1746 2003 qnia
1773 1907 1882 1998 magis
1909 1915 2050 1976 tenetur
2073 1928 2132 1974 or·

406 2013 565 2101 dinario,
608 2031 714 2105 qnam
748 2005 922 2098 delegato.
952 2031 1028 2098 arg.
1053 2006 1102 2078 Χ.
1131 2008 1174 2078 G.
1207 2004 1252 2078 de
1288 2004 1420 2101 appell.
1438 2003 1477 2096 2,
1495 2002 1556 2076 28.
1584 2033 1615 2078 c.
1642 2007 1685 2080 ad
1712 2005 1799 2080 baec
1823 2010 1855 2078 si
1884 2006 1971 2103 int)
1999 2003 2131 2076 unali.

409 2111 572 2212 (ἱιι1.)1)
599 2109 645 2182 dc
673 2134 784 2180 reser.
802 2105 837 2200 1,
852 2105 890 2180 5.
918 2133 948 2180 c.
974 2107 1019 2180 ud
1046 2106 1124 2180 boc.
1140 2104 1203 2179 10.
1223 2094 1275 2208 ¹⁰)
1304 2107 1350 2182 de
1378 2107 1441 2178 off.
1468 2107 1584 2180 ordin.
1601 2106 1637 2201 1,
1652 2106 1715 2180 31.
1741 2134 1771 2180 c.
1797 2104 2067 2203 significavitli.
2084 2105 2132 2202 11)

359 2231 392 2282 15
410 2218 499 2289 ltem
525 2225 642 2286 tamen
668 2209 992 2302 subdistinguitur,
1033 2233 1077 2281 an
1104 2211 1232 2282 citetur
1245 2208 1293 2305 11)
1319 2234 1384 2305 per
1409 2222 1543 2282 eertum
1569 2213 1731 2283 nuntiam
1755 2222 1863 2309 atque
1890 2221 2036 2300 notum,
2071 2220 2134 2280 aut

407 2341 474 2414 per
499 2317 679 2408 ignotam,
707 2311 801 2411 quod
827 2313 863 2382 in
889 2314 1003 2408 prime
1029 2323 1167 2384 tenetur
1193 2335 1418 2408 comparere,
1452 2313 1488 2384 in
1513 2313 1670 2386 secundo
1699 2337 1784 2386 vero
1811 2339 1883 2384 non
1909 2323 2070 2404 tenetur,
2098 2321 2134 2382 et

408 2417 477 2492 boe
501 2421 649 2488 ianauot
677 2413 786 2486 verba
811 2413 907 2486 decr.
933 2439 1012 2486 curn
1039 2413 1186 2511 parati,
1215 2412 1280 2484 nbi
1305 2412 1405 2485 dicit:
1431 2416 1576 2488 nuntius
1600 2441 1687 2488 snus
1714 2428 1781 2490 etc·
1798 2417 1845 2508 ¹³)
1896 2416 1988 2490 Dico
2002 2425 2132 2506 umen,

411 2519 506 2618 qnod
531 2519 651 2590 sanius
678 2527 755 2607 ost,
781 2517 881 2613 quod
907 2516 1031 2608 vadat,
1055 2514 1319 2613 qualiscumque
1344 2517 1392 2588 sit
1418 2518 1548 2592 citatio.

511 2619 583 2692 Sed
608 2620 689 2716 quia
715 2643 788 2690 uon
814 2616 922 2690 debet
947 2617 1050 2690 iudex
1068 2607 1119 2718 ¹⁴)
1158 2643 1235 2690 cunr
1272 2615 1457 2692 honestate
1486 2617 1620 2718 aliquid
1659 2619 1697 2690 io
1729 2618 1858 2692 indicio
1893 2617 2011 2690 iacere
2037 2616 2133 2688 calu·

360 2745 394 2800 tt
411 2724 603 2814 maiorum,
646 2723 716 2792 imo
744 2721 861 2792 omnia
896 2717 1005 2790 debet
1027 2718 1143 2794 facere
1174 2717 1292 2792 lacida
1317 2733 1354 2792 et
1379 2731 1522 2819 aperta,
1548 2723 1640 2793 Dist.
1655 2719 1694 2792 1.
1722 2745 1752 2794 c
1779 2721 1856 2794 erit.
1871 2716 1907 2790 2.
1946 2721 1995 2792 Χ.
2021 2720 2063 2791 G.
2087 2718 2134 2792 de

410 2825 540 2898 haeret.
555 2821 593 2915 ὅ,
608 2819 642 2894 7.
671 2848 701 2895 e.
724 2847 804 2894 curn
829 2847 873 2896 ea
898 2817 1136 2894 iniuncto-12.
1154 2819 1201 2920 ¹⁵)
1228 2821 1273 2894 de
1299 2821 1397 2894 verb.
1422 2823 1540 2916 signif.
1557 2819 1670 2914 5‚40.
1693 2847 1723 2895 c.
1746 2821 1890 2894 abbate.
1907 2818 1967 2892 25.
1982 2809 2049 2922 11),
2074 2847 2133 2892 rn-

410 2928 473 3001 des
499 2927 635 2998 iudices
665 2935 701 2998 et
727 2924 877 2998 maxime
908 2924 994 2998 iuris
1032 2925 1176 3016 ignaros
1209 2925 1445 3018 instrnmus,
1483 2926 1671 2998 citationes
1703 2948 1768 3022 per
1796 2926 1956 2998 nuntium
1991 2927 2066 2996 siae
2081 2912 2132 3026 ¹⁷)

412 3031 612 3125 gravamine
638 3025 816 3125 expedire.

511 3133 636 3229 ltaque
663 3132 695 3201 si
722 3127 830 3202 index
855 3127 932 3200 vult
957 3152 1020 3202 reo
1047 3128 1220 3220 nuntiare,
1248 3139 1287 3200 ut
1304 3129 1434 3222 veniat,
1463 3130 1537 3200 sive
1562 3129 1709 3200 nuntius
1733 3129 1781 3200 sit
1802 3139 1912 3200 nous
1933 3129 2007 3200 sive
2031 3129 2133 3221 ἰςιιο-

362 3257 395 3308 25
413 3248 492 3326 tas,
518 3245 554 3306 et
580 3233 654 3302 sive
681 3231 728 3304 sit
748 3230 948 3303 ordinarius
972 3229 1079 3302 iudex
1104 3231 1180 3304 siva
1204 3229 1408 3324 delegatus,
1436 3241 1475 3302 ut
1500 3232 1614 3303 omnis
1641 3229 1803 3304 dubietas
1829 3241 2055 3326 amputetur,
2081 3230 2134 3302 sic

411 3337 527 3407 laeiat.
602 3332 795 3404 Praesente
821 3343 941 3406 actare
968 3345 1004 3404 et
1029 3343 1213 3430 praesente
1240 3336 1403 3426 notario,
1443 3334 1505 3431 qui
1532 3332 1726 3404 admittitur
1750 3334 1789 3404 iu
1813 3332 1878 3406 illo
1896 3330 1944 3428 11)
1970 3331 2133 3424 articulo,

412 3438 462 3508 Χ.
488 3438 530 3508 G.
560 3433 605 3507 de
631 3431 772 3532 probat.
789 3430 903 3528 219.
930 3459 960 3505 c.
988 3437 1155 3532 quoniam
1178 3447 1315 3508 contra.
1332 3432 1391 3508 11.
1406 3435 1475 3534 11),
1503 3435 1663 3530 iniungat
1689 3436 1835 3525 nuntio,
1861 3433 1960 3530 qnod
1986 3435 2064 3531 ipse
2091 3459 2135 3513 ex

413 3548 514 3636 purte
535 3559 600 3608 sua
626 3535 732 3608 talem
759 3561 858 3608 reum
884 3533 1014 3612 debeat
1039 3537 1147 3610 citare
1175 3549 1211 3610 et
1237 3535 1440 3634 praecipere
1465 3535 1552 3629 sibi,
1596 3536 1695 3634 quod
1722 3537 1803 3634 ipsc
1829 3536 1866 3607 ia
1893 3535 1957 3608 tali
1983 3537 2135 3610 termina

415 3639 636 3739 peremtoria
653 3649 858 3734 compareat
872 3663 939 3734 per
954 3663 1002 3710 se
1013 3637 1070 3712 vel
1086 3637 1309 3710 defensorem
1332 3638 1528 3732 legitimum
1551 3661 1669 3712 caram
1686 3663 1750 3731 eo,
1778 3640 1813 3710 in
1826 3637 1886 3708 tali
1901 3636 2004 3730 loco,
2032 3663 2135 3734 super

364 3763 400 3818 ao
418 3743 481 3815 tali
507 3765 615 3814 causa
640 3739 842 3814 adversario
870 3738 1123 3814 rationabiliter
1149 3764 1408 3837 responsurus,
1435 3753 1471 3812 et
1498 3743 1607 3835 sciat,
1636 3740 1786 3840 quodsi
1812 3739 1890 3837 ipse
1912 3741 2135 3812 uonvenerit

414 3845 472 3918 val
487 3845 634 3935 miserit,
659 3841 763 3914 iudex
783 3841 977 3939 procedere
1001 3840 1109 3914 debet
1134 3855 1304 3942 quantum
1324 3843 1374 3916 de
1398 3845 1475 3914 iure
1501 3854 1591 3935 etc..)
1615 3855 1652 3914 et
1677 3841 1749 3915 boc
1772 3843 1809 3914 in
1834 3844 2029 3916 continenti
2049 3841 2134 3914 scri·

414 3946 521 4020 batur
541 3947 577 4017 in
604 3945 702 4018 actis.
752 3945 799 4017 Et
825 3941 909 4016 bace
935 3946 1123 4042 praecipue
1150 3943 1281 4017 debent
1307 3943 1497 4017 observare
1523 3945 1655 4016 iudices
1683 3944 1845 4040 delegati·

635 4117 867 4126 --n--a——n—

455 4197 492 4278 2)
536 4219 604 4262 cum
617 4203 729 4278 parati.
746 4232 783 4244 ·-
801 4194 841 4259 B.
867 4195 1032 4281 „impari”
1357 4197 1412 4279 11)
1456 4203 1575 4260 citetur.
1591 4233 1630 4246 —
1647 4197 1687 4262 B.
1702 4197 1829 4262 „citet”

458 4299 498 4380 3)
542 4296 706 4366 Alexand.
719 4295 749 4362 3.
778 4293 833 4361 01.
844 4297 948 4360 Glosr.
965 4297 999 4361 in
1015 4312 1046 4361 v.
1062 4315 1145 4363 suns
1160 4315 1242 4360 ιιιιιι-
1357 4297 1415 4382 13)
1459 4295 1509 4364 01.
1524 4307 1590 4364 not.
1606 4321 1678 4382 sup.
1695 4297 1726 4363 3.

416 4401 491 4465 tius.
514 4411 548 4465 et
568 4398 611 4464 ad
634 4419 660 4464 c.
684 4397 848 4484 quoniam.
864 4397 916 4463 ll.
944 4397 986 4464 X.
1004 4395 1044 4462 G.
1059 4399 1099 4463 de
1114 4399 1242 4484 probat.
1357 4401 1413 4483 14)
1456 4405 1564 4464 iudea.
1580 4439 1618 4448 —
1635 4401 1675 4466 B.
1691 4401 1848 4466 „uidem”

417 4501 449 4580 1,
468 4499 517 4566 19.
535 4501 568 4565 in
583 4519 614 4564 v.
631 4501 811 4565 citationes.
1357 4501 1413 4584 15)
1457 4521 1545 4566 vers.
1573 4501 1667 4568 Deus
1697 4503 1784 4568 cuim
1806 4500 1864 4567 lux
1887 4521 1969 4567 veru
1989 4511 2055 4566 etc.
2084 4501 2134 4565 ln-

384 4617 400 4666 a
460 4601 499 4677 1)
545 4599 593 4667 01.
611 4602 717 4665 Glosr.
735 4602 815 4666 inv.
831 4598 1004 4668 sedlilius.
1311 4623 1386 4668 noc.
1402 4602 1434 4670 3.

458 4702 497 4784 b)
539 4705 619 4766 Birt.
635 4703 694 4768 97.
708 4739 751 4752 -
765 4700 805 4767 B.
822 4701 941 4768 „xvtt
957 4703 1010 4768 d.”
1355 4703 1412 4788 16)
1454 4725 1545 4772 vers.
1565 4702 1620 4769 bic
1641 4715 1750 4772 autem
1773 4724 1896 4772 seusus
1915 4707 2133 4780 rectioresse

458 4803 497 4886 6)
542 4800 593 4869 01.
612 4803 716 4869 (ιἸοιι.
733 4803 811 4870 inv.
827 4804 1039 4870 credidimus.
1310 4805 1441 4871 videtur
1455 4817 1517 4872 etc.
1547 4804 1657 4872 innoc.
1672 4806 1703 4872 3.

459 4907 497 4988 7)
542 4903 683 4990 Gregor.
699 4907 731 4976 7.
748 4904 798 4974 01.
817 4905 971 4972 (iteruin
985 4927 1018 4970 v.
1033 4909 1190 4974 tractabo.
1354 4909 1411 4992 17)
1451 4929 1510 4989 pe·
1529 4917 1615 4973 aunt
1635 4915 1718 4972 atae.
1743 4943 1786 4954 -
1813 4906 1853 4974 B.
1869 4909 1963 4979 »sine
1976 4929 2038 4994 per
2051 4927 2134 4978 uun·

457 5007 496 5090 8)
539 5013 582 5072 ιἰι.
599 5005 638 5071 Β.
656 5027 720 5074 οιιι.
1312 5009 1438 5074 „tium”
1918 5033 1922 5044 ·

372 5129 403 5182 ιο
461 5109 500 5192 9)
542 5108 705 5176 Alexand.
722 5107 751 5174 3.
1356 5110 1412 5191 18)
1455 5115 1564 5175 iur'lla.
1580 5147 1621 5170 .-
1636 5109 1676 5174 B.
1692 5107 1820 5176 „olim”

464 5209 520 5292 10)
563 5211 652 5276 Luci.
668 5209 700 5276 3.
1306 5269 1312 5276 .
1357 5210 1413 5296 19)
1456 5213 1548 5292 ,verb
1563 5212 1746 5280 citationes.
1759 5213 1870 5280 lanoc.
1885 5212 1916 5278 3.

463 5313 519 5397 11)
564 5311 743 5382 coelestin.
757 5307 789 5378 3.
809 5308 858 5378 01.
874 5331 992 5380 summ.
1009 5314 1079 5380 ord.
1114 5331 1116 5335 ’
