4812 5966
651 575 720 662 (De
734 575 887 644 testibus.
915 575 991 666 §.8
1034 577 1087 646 De
1100 579 1372 664 productionibus
1386 581 1529 648 testim.
1557 579 1588 670 3.
1603 581 1652 667 9.)
1972 585 2016 654 67

289 767 384 841 sorte
426 763 575 860 intelligi
607 775 729 863 potest
769 767 998 862 regulariter,
1038 779 1098 862 ut,
1138 766 1351 868 ubicumque
1388 753 1531 844 testium
1575 795 1742 845 numam
1763 767 1814 872 ⁵⁴)
1848 774 2014 870 exigitur,

292 880 400 944 testes
436 865 589 941 debeant
622 869 739 962 rogari
761 867 810 967 55)
845 880 882 944 et
914 868 1113 968 specialiter
1139 872 1280 944 assumi.
1313 883 1353 944 ut
1380 873 1416 944 in
1436 871 1546 945 Αιιιιι.
1573 872 1619 946 de
1645 872 1704 945 lid.
1732 875 1892 949 instrum.
1918 874 1953 978 3.
1982 880 2014 949 si

291 973 372 1069 quis
404 971 525 1064 igitur.
552 969 667 1061 (Nor.
683 966 745 1041 75.
773 997 803 1043 c.
819 967 878 1062 1.)
904 981 940 1044 ει
965 994 1038 1065 arg.
1065 971 1154 1044 Cod.
1179 971 1228 1063 55)
1257 973 1454 1070 quemadm.
1488 985 1624 1046 testam.
1654 999 1750 1074 aper.
1771 973 1816 1070 6,
1842 974 1905 1050 52
1932 979 1955 1051 l.
1978 976 2015 1050 2.
2103 1017 2108 1026 ·

180 1102 184 1116 ·
292 1087 328 1146 et
353 1099 427 1167 arg.
452 1073 531 1166 llig.
559 1069 683 1168 depos.
700 1067 763 1166 16,
788 1069 825 1144 5.
856 1071 881 1144 l.
901 1068 935 1144 1.
963 1069 999 1173 5.
1028 1073 1059 1144 si
1084 1074 1242 1171 pecunia.
1256 1071 1321 1146 56.
1379 1076 1421 1148 ln
1453 1074 1530 1148 aliis
1560 1099 1646 1148 sane
1679 1077 1842 1151 omnibus
1874 1080 2014 1154 casibus

291 1177 398 1250 etiam
423 1198 495 1247 non
519 1174 634 1266 rogati
663 1184 773 1247 testes
799 1173 1038 1247 admittuntur.
1067 1187 1106 1248 ιιι
1130 1175 1210 1269 big.
1238 1199 1269 1248 c.
1288 1188 1314 1249 t.
1329 1171 1393 1269 22,
1418 1173 1454 1249 5.
1479 1177 1503 1249 l.
1531 1175 1574 1248 ad
1600 1177 1715 1254 tidem.
1730 1175 1790 1252 ll.
2031 1201 2048 1253 5

392 1275 427 1376 3.
448 1279 478 1366 ¹)
529 1275 634 1348 Nune
655 1275 764 1371 igitur
787 1275 974 1370 diligenter
999 1287 1054 1350 est
1079 1276 1381 1372 investigandum,
1418 1278 1558 1378 qnando
1581 1291 1618 1352 et
1642 1279 1822 1380 quomodo
1846 1281 1924 1382 quis
1952 1267 2049 1370 ιιι-ἓ·
2061 1266 2097 1343 9·

293 1378 376 1450 beat
394 1389 438 1451 -et
462 1378 577 1474 possit
608 1403 694 1449 suos
721 1388 830 1451 testes
856 1376 1065 1475 producere.

392 1480 533 1551 llantur
567 1501 692 1578 nempe
724 1504 745 1550 a
778 1479 893 1554 iudice
923 1482 1064 1553 testium
1097 1479 1360 1578 productiones.
1418 1482 1531 1554 llatnr
1568 1507 1694 1582 nanpe
1726 1484 1839 1582 prirna
1871 1485 2015 1558 testim

292 1580 499 1678 productio,
526 1578 629 1652 datur
654 1593 690 1654 et
713 1581 889 1675 secundo,
917 1583 981 1656 sed
1009 1593 1045 1655 et
1068 1583 1173 1654 tertia
1200 1582 1424 1682 quandoque.
1475 1582 1534 1656 Sic
1562 1609 1647 1679 ergo
1675 1594 1730 1658 ter
1755 1595 1874 1683 potest
1899 1585 2014 1682 litiga·

292 1696 353 1756 tor
376 1693 484 1756 testes
512 1681 719 1780 producere.
769 1684 817 1756 Et
840 1709 913 1756 non
938 1683 1125 1778 obstante,
1168 1685 1200 1756 si
1225 1684 1455 1776 concluserit,
1496 1685 1534 1757 id
1559 1699 1614 1758 est
1636 1686 1860 1784 productioni
1884 1712 2013 1762 renun·
2033 1711 2066 1766 to

293 1785 452 1877 cieverit,
476 1785 605 1882 poterit
627 1785 742 1858 adbuc
770 1799 933 1884 quartam
955 1787 1226 1886 productionem
1253 1785 1402 1879 babere,
1429 1786 1585 1880 sedita,
1617 1788 1649 1858 si
1674 1813 1740 1862 nec
1766 1813 1832 1888 pcr
1854 1813 1913 1885 se,
1950 1815 2016 1864 uec

293 1912 361 1984 per
385 1887 493 1958 alium
519 1885 640 1960 didicit
665 1887 865 1981 testificata,
891 1898 1108 1963 sacramento
1134 1886 1323 1962 tamenab
1349 1913 1392 1962 eo
1419 1889 1516 1986 prius
1544 1888 1642 1983 dato,
1669 1891 1767 1990 quod
1788 1889 1888 1963 nullo
1908 1891 2016 1966 ruodo

292 1999 544 2085 percunctatus
569 2001 625 2060 est
651 1991 892 2062 attestationes
916 2001 953 2064 et
976 2015 1093 2089 neque
1119 2015 1184 2088 per
1215 1990 1340 2063 dolum
1366 1989 1422 2063 vel
1448 1989 1608 2063 fraudem
1634 1990 1785 2094 aliquam
1811 1994 1903 2090 petit
1926 1992 2017 2068 banc

293 2101 456 2189 quartum
483 2090 764 2187 productionem.
819 2090 923 2183 Quod
950 2103 1206 2165 sacramentnm
1232 2091 1347 2165 adbuc
1371 2091 1449 2163 fieri
1481 2116 1552 2163 non
1580 2092 1659 2165 vidi.
1713 2092 1754 2164 Si
1779 2119 1864 2167 vero
1893 2095 2016 2168 testib·

293 2203 370 2264 eata
394 2191 535 2284 didicit,
556 2191 811 2287 'denegabitur
836 2203 962 2292 quarta
985 2191 1198 2292 productio,
1242 2194 1376 2266 etiamsi
1401 2191 1520 2264 diviua
1557 2193 1665 2266 iussio
1695 2191 1765 2267 boc
1787 2197 2015 2294 praeceperit.
2034 2209 2065 2262 ιι

294 2293 333 2364 Si
354 2304 470 2366 autem
496 2296 605 2367 semel
631 2308 693 2368 aut
720 2292 776 2366 bis
802 2306 912 2369 testes
938 2296 1149 2394 produxerit
1182 2303 1218 2368 ct
1250 2293 1490 2368 attestationes
1516 2295 1719 2367 tructaoerit
1750 2295 1809 2368 vel
1838 2319 1897 2370 eas
1927 2297 2016 2370 didi·.
2156 2309 2163 2322 “

294 2397 382 2468 cerit
404 2395 524 2495 aliquo
550 2397 674 2491 modo,
697 2423 770 2470 non
794 2399 928 2495 poterit
952 2397 1100 2474 ulterius
1127 2398 1179 2470 uti
1205 2397 1321 2495 aliqua
1347 2395 1489 2469 testium
1513 2395 1761 2494 productione,
1788 2397 1925 2470 etiarnsi
1951 2400 2016 2471 iur-

294 2509 440 2595 perator
465 2501 699 2597 praeceperit,
739 2499 806 2570 nisi
831 2500 926 2573 iorte
956 2501 994 2570 in
1026 2523 1132 2594 casu,
1172 2509 1259 2597 puta
1289 2497 1334 2570 ad
1359 2497 1658 2571 confirmationem
1686 2523 1831 2571 suornm
1858 2501 2015 2592 testium,

295 2600 353 2672 vel
380 2600 425 2672 ad
452 2600 723 2698 improbandum
751 2611 862 2674 testes
893 2601 1094 2674 adversarii.
1128 2611 1170 2673 nt
1200 2603 1250 2693 in⁸
1265 2599 1375 2672 Autb.
1400 2598 1446 2671 de
1471 2598 1590 2672 testib.
1616 2598 1652 2699 3.
1678 2601 1761 2700 qnia
1785 2625 1881 2674 vero.
1908 2603 2015 2692 (Nos.

294 2701 357 2775 90.
383 2727 413 2776 c.
434 2700 486 2795 4.)
514 2702 546 2800 ²)
581 2745 632 2758 -
688 2702 759 2777 Sed
794 2702 937 2802 qnidam
970 2715 1097 2802 putant
1121 2702 1192 2777 boo
1213 2727 1339 2776 verum
1361 2725 1459 2794 esse,
1494 2701 1635 2800 quando
1660 2704 1761 2802 prius
1794 2703 2014 2776 renunciavit
2031 2709 2066 2765 ²⁰

295 2815 332 2877 et
357 2817 482 2901 postea
507 2804 629 2878 didicit
645 2806 697 2902 ³),
729 2805 905 2904 alioquin,
939 2805 1022 2880 licet
1046 2805 1232 2879 testificata
1257 2803 1439 2895 didicerit,
1479 2802 1669 2876 dammodo
1693 2829 1765 2876 non
1788 2804 2013 2898 concluserit,

295 2931 368 2978 noa
393 2905 601 3004 prohibetur
625 2909 678 2980 uti
702 2909 847 2980 testium
876 2907 1123 3006 productione.
1173 2905 1370 2981 Secundum
1394 2903 1464 2976 boc
1488 2905 1611 3004 itaque
1635 2905 1794 2999 videtur,
1821 2905 1919 3004 qnod
1944 2905 2014 2979 liti·

296 3019 401 3101 gutor
427 3008 542 3108 possit
569 3011 739 3082 interesse
773 3007 1054 3106 depositionibus
1090 3035 1237 3082 snorum
1265 3009 1407 3080 testium
1440 3016 1478 3078 et
1510 3005 1701 3080 adversarii
1729 3017 1766 3080 et
1797 3031 1856 3082 eas
1881 3006 2014 3100 andire,

295 3122 332 3182 et
356 3135 427 3182 non
453 3107 684 3206 prohibeatur
716 3135 756 3183 au
786 3111 923 3182 ratione
957 3122 1068 3183 testes
1100 3111 1213 3184 adbuc
1237 3108 1452 3209 producere,
1484 3119 1522 3180 et
1546 3133 1622 3203 arg.
1648 3109 1729 3203 Dig.
1755 3107 1800 3181 ud
1825 3108 1850 3180 l
1875 3108 1943 3182 Ῑιιι.
1969 3109 2016 3182 de

296 3210 406 3283 adult.
428 3206 493 3303 ⁴8,
518 3205 554 3280 5.
583 3211 607 3282 l.
634 3212 665 3284 si
690 3212 937 3310 postulaverit.
953 3209 1014 3283 27.
1039 3211 1075 3385 5.
1101 3213 1310 3312 quaestioni.
1328 3206 1363 3281 7.
1389 3217 1424 3281 ει
1453 3208 1540 3282 (lod.
1567 3210 1612 3282 de
1639 3209 1699 3283 bd
1725 3211 1886 3283 instrum.
1896 3208 1936 3305 1,
1952 3207 2013 3283 21.
2031 3227 2065 3280 tt

295 3313 319 3384 l.
346 3312 489 3385 iudices.
506 3308 566 3384 18.
599 3324 635 3387 ει
665 3315 702 3384 in
734 3313 844 3386 Autb.
877 3312 923 3386 dc
954 3315 1039 3386 testi
1067 3367 1076 3384 .
1101 3313 1138 3416 3.
1172 3327 1208 3388 et
1237 3312 1307 3387 boe
1334 3336 1433 3384 vero.
1457 3308 1644 3410 (Nonth.
1671 3307 1766 3412 ca.)
1784 3312 1817 3406 ⁴)
1839 3353 1891 3368 -
1942 3313 2014 3386 Ve-

337 3565 396 3649 54)
438 3567 460 3630 i.
475 3584 502 3629 e.
515 3563 665 3650 pluralis,
674 3563 750 3631 licet
764 3565 961 3632 indefinitus.
980 3563 1031 3630 Cl'.
1045 3561 1121 3631 inlr.
1232 3565 1290 3652 56)
1333 3565 1380 3632 lta
1395 3563 1613 3631 scribendum.
1632 3601 1676 3612 —
1698 3559 1750 3628 Al.
1774 3561 1847 3628 „tt”
1860 3561 1900 3630 B.
1913 3563 1952 3630 P.
1973 3600 2014 3612 -

296 3665 317 3730 l.
332 3665 354 3732 l.
370 3665 450 3732 Cod.
472 3669 658 3752 quemadm.
680 3677 753 3732 test
777 3687 830 3752 ap.
852 3679 885 3732 et
903 3667 979 3752 Dig.
1005 3667 1122 3750 depos.
1193 3667 1234 3734 G.
1251 3689 1315 3734 orn.

297 3779 360 3833 etc.
378 3805 420 3814 —
448 3767 553 3833 Paulo
569 3766 664 3834 aliter
679 3769 783 3833 thsr.
801 3769 844 3834 ad
858 3767 992 3855 Dicae
1007 3769 1122 3833 divort.
1235 3769 1269 3852 1)
1312 3767 1352 3834 Β.
1371 3767 1472 3836 inser.
1495 3765 1665 3842 „Qualiter
1694 3773 1727 3830 et
1747 3765 1879 3851 quando
1901 3766 1943 3832 sit
1963 3761 2012 3831 fa·

296 3867 625 3946 cottoniano.
648 3871 682 3935 in
695 3889 726 3934 v.
744 3867 905 3934 libertum.
926 3869 996 3935 inf.
1025 3870 1124 3935 altem
1191 3871 1333 3938 „ciendo
1358 3871 1490 3936 testium
1515 3867 1718 3952 productio.”
1744 3901 1789 3914 --
1815 3867 1853 3932 Ρ.
1873 3865 2013 3941 „Qualit

300 3973 423 4054 „rogati
445 3970 567 4038 debent
585 3991 663 4038 esse
678 3991 719 4037 eu
734 3973 808 4054 ipso
824 3972 1008 4037 secundum
1022 3991 1122 4057 quos·
1191 3970 1272 4038 elac.
1287 3972 1365 4037 sitt.
1380 3971 1433 4056 p.”
1462 4006 1504 4018 —
1533 3967 1572 4033 (ι.
1603 3967 1675 4034 „De
1693 3971 1825 4034 testium
1844 3964 2046 4052 multiplicia

300 4070 413 4150 „darm
442 4075 530 4158 quod
545 4085 655 4140 certus
675 4093 835 4138 numerus
850 4073 1008 4157 exigitur,
1037 4074 1124 4140 sicut
1190 4073 1457 4158 „productione”
1476 4103 1517 4118 -
1540 4065 1593 4136 Cl'.
1606 4077 1674 4134 not.
1691 4069 1719 4134 l.
1734 4067 1779 4133 ad
1793 4065 1827 4134 h.
1841 4077 1922 4152 part
1939 4067 1970 4154 3.
1983 4067 2014 4134 8.

300 4181 373 4234 „est
387 4172 421 4236 ιιι
434 4176 668 4241 testamentis.”
683 4209 723 4224 -
739 4175 830 4240 etita
844 4177 887 4237 10.
905 4176 1007 4237 Aruer.
1023 4177 1121 4237 ιιι).
1232 4174 1271 4259 9)
1314 4172 1367 4240 Gi.
1381 4173 1487 4238 Gtoaa.
1500 4170 1535 4235 in
1548 4191 1580 4234 v.
1593 4189 1661 4236 non
1674 4167 1820 4236 habebit.
1834 4189 1923 4238 vers.
1938 4171 2015 4240 item

299 4295 345 4352 ιρ.
363 4269 419 4338 lib.
436 4273 465 4339 l.
478 4275 551 4357 put
567 4276 611 4341 tit.
627 4276 669 4342 de
684 4286 780 4342 teste.
797 4274 864 4362 §.L
879 4296 966 4342 num.
980 4275 1034 4340 91.
1049 4275 1123 4356 (nin
1191 4277 1269 4364 qnid
1284 4276 1314 4341 si
1328 4283 1406 4358 post
1419 4269 1682 4358 publicationem.

301 4371 484 4440 „codicillis
498 4375 555 4442 vel
574 4379 608 4441 in
622 4377 799 4444 donatione
813 4396 921 4443 causo
934 4377 1048 4442 mortis
1064 4376 1122 4442 ud·
1232 4375 1271 4460 3)
1315 4375 1372 4458 Sp.
1386 4373 1464 4440 add.
1480 4382 1536 4438 »ut
1548 4372 1582 4436 in
1595 4370 1725 4438 Novell.
1746 4372 1790 4438 tit
1806 4371 1848 4436 de
1862 4370 1968 4438 testib.
1983 4369 2014 4458 3.

301 4471 631 4542 „mittunturl'ortnib
646 4476 729 4545 Cod.
746 4479 789 4545 de
804 4478 909 4546 codic.
924 4477 953 4544 6.
969 4475 1020 4543 36
1035 4475 1124 4542 tfin.
1192 4475 1418 4563 „quievero”
1447 4509 1490 4522 -
1519 4473 1571 4540 Cl.
1585 4473 1618 4539 b.
1641 4475 1725 4542 Nou.
1739 4473 1791 4540 99.
1822 4471 1897 4538 cl.
1922 4474 2014 4541 verb.
2033 4485 2065 4538 ιι

301 4576 353 4662 »5.
368 4575 457 4656 ιίιι.”)
473 4593 580 4662 »qnae
599 4575 654 4641 lex
668 4579 807 4646 destruit
820 4579 942 4646 dictnrn
955 4577 1051 4658 Ριιιιι,
1069 4577 1125 4664 qni
1191 4576 1412 4645 concludente
1427 4585 1461 4642 et
1475 4576 1598 4642 editum
1610 4575 1804 4660 accipiente.

300 4679 398 4745 ιιιιιιιι
412 4687 471 4744 et
485 4677 520 4742 in
534 4674 570 4757 ι,
586 4677 675 4762 quod
688 4679 787 4762 torte,
801 4682 1000 4766 ubicunque
1016 4680 1124 4767 requi·
1235 4680 1275 4758 4)
1320 4678 1376 4764 Sp.
1393 4678 1470 4744 add.
1492 4677 1553 4742 ”Et
1566 4676 1616 4744 sic
1629 4696 1696 4743 non
1709 4671 1926 4759 prohibentur
1939 4695 2015 4761 par·

302 4783 404 4850 „titur
423 4789 537 4846 certus
551 4797 710 4846 numerus
731 4782 880 4864 testium,
907 4783 1029 4848 debent
1043 4801 1122 4848 esse
1192 4792 1262 4848 ates
1276 4781 1321 4846 nti
1335 4781 1467 4848 testim
1481 4777 1715 4864 productione,
1734 4775 1816 4855 uisi,
1844 4785 1879 4840 ut
1894 4777 2016 4842 dicmur

302 4881 459 4966 „rogati”
1194 4893 1283 4962 rest,
1303 4881 1434 4968 wando
1448 4881 1683 4964 productorum
1696 4878 1828 4944 testitum
1843 4877 2016 4944 testificata

343 4983 403 5067 55)
446 4991 482 5048 ot
500 4985 683 5064 ubicunque
705 5015 745 5030 -
768 5015 809 5026 -
831 4994 943 5060 rogari.
965 4987 1003 5051 B.
1021 4985 1059 5050 P.
1083 5021 1125 5034 -
1194 4983 1326 5069 „aliquo
1341 4983 1440 5051 modo
1455 4983 1646 5049 didiceurnt
1688 4977 1731 5044 Et
1750 4979 1927 5046 notandum
1951 4989 2013 5058 est,
2033 5001 2064 5052 tt

301 5085 354 5150 Αι.
371 5087 454 5152 „nisi
469 5093 581 5150 certus
601 5085 732 5150 testium
752 5099 911 5148 numerus
932 5085 1125 5170 non'exiga-
1194 5085 1323 5169 equod,
1352 5085 1503 5171 quamvis
1523 5082 1666 5166 litigator
1679 5079 1830 5146 didicerit
1843 5077 2016 5146 testificata

304 5198 376 5252 „tur
391 5201 423 5252 et
437 5199 515 5252 tone
528 5197 633 5254 testes
647 5206 715 5252 non
729 5185 872 5252 debeant
885 5187 1024 5281 rogari?
1039 5185 1078 5252 G.
1193 5205 1348 5252 asnorum
1362 5188 1506 5266 testium,
1519 5181 1574 5248 vel
1589 5181 1783 5262 adversarii,
1798 5189 1888 5245 etex
1899 5181 2014 5246 ordine

395 5299 400 5312 '
1195 5286 1425 5370 »prohibeatur
1453 5295 1571 5370 postea
1599 5283 1644 5350 nti
1672 5282 1857 5368 aliquorum
1885 5281 2014 5348 testium

1765 5433 1816 5504 9.
