4812 5966
384 553 427 622 89
965 549 1052 623 Pillii
1083 552 1125 618 de
1154 551 1225 618 ord.
1254 552 1403 620 iudidior.
1443 551 1481 617 P.
1496 550 1529 618 3.

386 756 505 818 netore
533 767 640 843 quam
667 767 749 838 reo,
788 751 973 841 praesente
999 754 1034 816 et
1059 766 1200 832 eausam
1224 755 1367 840 agente3
1402 767 1497 816 nune
1527 754 1645 816 autem
1671 741 1868 837 rideamus,
1907 743 1995 843 quid
2019 746 2108 820 iuris

386 847 452 941 sit,
479 847 510 918 si
537 871 622 919 reus
649 844 802 919 abluerit
828 857 865 918 et
890 844 1045 918 uoluerit
1070 845 1189 918 venire
1206 844 1251 944 2).

483 948 587 1022 Unde
603 947 784 1021 sciendum
803 959 877 1042 est,
903 947 1015 1046 quod,
1043 973 1123 1019 eum
1135 973 1215 1020 reus
1231 945 1352 1040 abest,
1373 949 1510 1020 notione
1526 947 1561 1018 in
1575 971 1648 1022 rem
1669 958 1887 1041 conventus,
1912 946 1957 1022 de
1972 975 2012 1022 re
2031 975 2107 1022 nto·

383 1049 448 1124 bili
463 1051 520 1124 vel
535 1048 717 1144 immobili,
745 1076 851 1150 quam
868 1075 935 1122 suo
963 1049 1102 1122 nomine
1118 1047 1291 1146 possidet,
1318 1046 1425 1122 (lebet
1441 1049 1596 1143 legitime
1612 1049 1724 1143 citari,
1748 1049 1842 1130 siout
1855 1050 1892 1121 in
1906 1063 2007 1148 parte
2021 1077 2107 1150 pro·

349 1173 366 1223 a
384 1154 521 1226 ximiori
538 1153 572 1245 3)
587 1164 747 1225 notatum
764 1152 941 1250 reperitur
957 1149 1004 1249 ⁴).
1055 1153 1126 1241 Qut
1141 1177 1222 1224 eum
1240 1152 1348 1224 fuerit
1363 1153 1414 1224 sie
1438 1150 1594 1246 legitime
1620 1152 1767 1245 citatus,
1794 1161 1831 1224 et
1847 1151 1962 1224 noluit
1975 1155 2106 1248 venire,

383 1266 443 1330 aut
469 1254 593 1328 estiis
619 1266 814 1329 oontestata
839 1278 942 1347 vere,
969 1263 1029 1326 aut
1052 1255 1158 1351 qnasi
1177 1265 1392 1346 contestata,
1419 1266 1477 1325 aut
1504 1250 1736 1327 nullomodo
1762 1265 1819 1326 est
1844 1265 2048 1328 contestata.

485 1356 525 1430 Si
550 1367 605 1430 est
631 1356 676 1428 lis
702 1367 900 1430 contestata
926 1381 1029 1448 rere,
1056 1366 1118 1428 aut
1144 1355 1259 1455 liquet
1286 1355 1391 1427 iudiei
1416 1356 1461 1427 de
1487 1379 1614 1450 eausa,
1641 1367 1704 1430 aut
1729 1379 1811 1428 uon.
1835 1395 1887 1412 --
1929 1355 1970 1427 st
1995 1357 2108 1456 liquet

385 1462 417 1534 ei
441 1457 485 1530 de
511 1483 637 1552 eausa,
671 1470 755 1531 tuno
782 1460 913 1555 poterit
937 1457 1156 1530 diliinitivam
1180 1459 1392 1530 sententiam
1418 1457 1535 1550 ferre,
1568 1457 1674 1530 etiam
1700 1482 1769 1555 pro
1796 1455 1962 1552 meante,
1996 1459 2030 1530 si
2053 1461 2107 1530 ri·

385 1562 466 1634 deat
491 1587 571 1632 eum
596 1560 776 1634 meliorem
808 1585 946 1632 eausam
977 1558 1128 1654 babere,
1171 1586 1249 1634 oum
1281 1561 1355 1632 eius
1388 1557 1547 1632 absentia
1583 1561 1650 1633 liei
1681 1559 1862 1658 repleatur
1894 1562 2106 1658 praesentia,

337 1682 370 1734 to
388 1661 444 1736 vel
470 1675 594 1734 eontra
621 1687 722 1755 eum,
749 1664 778 1736 ei
804 1664 1008 1760 apparuerit
1034 1661 1231 1756 obnoxius,
1257 1673 1294 1734 et
1317 1685 1394 1735 aum
1421 1662 1639 1736 exsecutioni
1666 1660 1853 1758 mendnre3
1884 1673 1921 1736 et
1947 1687 2029 1734 reus
2056 1665 2108 1735 sie

385 1763 537 1857 absens,
570 1789 635 1860 per
662 1767 914 1839 contumaciam
943 1763 1218 1856 condemnatus,
1257 1787 1481 1861 nequaquam
1508 1766 1641 1861 poterit
1665 1763 1856 1862 appellare.
1883 1763 2037 1836 ut'Cod.
2062 1763 2109 1838 de

385 1867 455 1938 iud.
472 1863 514 1958 5,
542 1863 578 1936 1.
603 1864 627 1936 l.
652 1864 925 1963 properandum.
942 1863 1003 1938 15
1029 1864 1066 1965 ἕ.
1090 1867 1145 1938 sin
1166 1877 1281 1939 autern
1303 1889 1396 1938 reus.
1410 1863 1449 1938 5.
1477 1864 1514 1938 4.
1541 1905 1590 1922 -·
1641 1865 1681 1937 Si
1707 1891 1792 1940 vero
1825 1891 1899 1938 non
1932 1865 2043 1964 liquet
2075 1867 2108 1938 ei

385 1970 430 2041 de
445 1991 564 2059 eausa,
589 1979 673 2040 tuno
697 1967 889 2042 mittendis
916 1979 970 2040 est
996 1979 1097 2041 aotor
1121 1969 1158 2040 in
1182 1968 1448 2066 possessiouem
1472 1969 1524 2040 rei
1549 1969 1690 2065 petitae.
1730 1969 1829 2042 Reus
1854 1993 1941 2042 vero
1966 1965 2107 2042 rediens

386 2071 490 2144 etiam
514 2069 607 2140 infra
635 2095 765 2142 annum
789 2093 1014 2168 nequaquam
1033 2071 1165 2168 poterit
1185 2070 1444 2169 possessionem
1461 2095 1693 2167 recuperare,
1715 2069 1780 2144 sed
1805 2070 1904 2142 salra
1929 2071 1997 2142 erit
2018 2070 2048 2141 ei
2063 2067 2108 2142 de

337 2202 370 2252 ss
389 2172 603 2269 proprietate
626 2171 790 2269 quaestio
809 2167 853 2271 5),
877 2184 917 2245 ut
932 2171 1020 2246 cod.
1040 2198 1158 2270 quom.
1177 2184 1213 2247 et
1233 2170 1364 2272 quand.
1390 2171 1462 2244 iud.
1476 2169 1514 2266 7,
1540 2169 1644 2245 451.
1663 2167 2047 2264 connumerandi)

486 2275 576 2346 ltem
602 2275 634 2346 si
660 2273 705 2348 lia
731 2286 787 2347 est
808 2275 912 2372 quasi
938 2284 1152 2370 contestata,
1186 2287 1226 2348 nt
1249 2299 1316 2373 per
1340 2272 1530 2367 colonum,
1557 2300 1623 2372 per
1650 2299 1813 2368 servum,
1846 2299 1912 2372 per
1937 2295 2107 2371 prooura·
2205 2359 2209 2368 .

387 2385 521 2468 torem,
562 2376 674 2450 inscio
700 2375 866 2468 domino,
904 2387 945 2450 ut
975 2376 1062 2450 Cod.
1094 2375 1157 2448 obi
1186 2378 1223 2448 in
1255 2401 1331 2449 rem
1365 2387 1573 2450 adtexere.
1601 2373 1722 2471 0105,
1750 2373 1922 2469 1919,
1949 2378 2108 2450 mittetur

385 2489 486 2550 notor
509 2479 545 2549 in
571 2480 853 2573 possessionem,
887 2489 1068 2552 reservata
1098 2504 1161 2554 reo
1188 2491 1305 2552 tantan
1337 2477 1383 2550 de
1414 2479 1631 2575 proprietate
1662 2481 1877 2577 quaestione.
1901 2517 1948 2534 -·
2001 2475 2112 2568 Quod·

386 2576 502 2654 locum
536 2577 707 2654 hebetia
736 2606 801 2672 eo,
840 2581 905 2678 qui
935 2581 1143 2655 convenitur
1173 2581 1313 2654 nomina
1345 2579 1399 2652 rei
1433 2579 1647 2672 immobilis,
1686 2605 1793 2678 quant
1820 2580 1933 2654 alieno
1966 2579 2107 2651 nomine

335 2705 370 2758 to
385 2681 566 2778 possiden
596 2707 666 2780 quo
694 2707 778 2756 eaau
802 2693 925 2782 potest
950 2682 1069 2756 statim
1094 2695 1175 2756 unte
1200 2681 1297 2760 litem
1328 2692 1563 2755 contestatam
1587 2681 1768 2756 dominum
1792 2683 1831 2754 in
1854 2681 2020 2754 iudicium
2041 2703 2106 2750 no·

385 2955 418 3018 p.
436 2933 464 2997 1.
485 2935 529 2997 tit
554 2933 597 2997 de
615 2941 822 3014 cananaeam,
852 2937 886 3001 in
904 2953 1051 3002 recensu
1074 2934 1213 3020 scripto·
1282 2935 1389 3002 abone
1410 2935 1464 3000 sui
1485 2935 1645 3001 debitoris
1658 2953 1799 3020 capere,
1827 2945 1863 2998 nt
1880 2933 1943 3000 sibi
1957 2931 2106 3012 satisfiat,

386 3053 479 3113 rum,
509 3033 564 3119 qui
584 3031 672 3100 bane
694 3035 860 3112 rubricam
875 3037 1032 3121 posuisse
1048 3037 1213 3117 dicuntur,
1282 3037 1377 3102 „sine
1389 3033 1524 3103 lieentia
1536 3037 1671 3118 iudicis,
1700 3058 1775 3103 eum
1793 3033 1882 3102 illius
1896 3035 2026 3122 copiam
2039 3055 2108 3101 non

290 3181 291 3186 1
387 3128 473 3200 Pillti
491 3133 724 3202 nomen'haud
746 3149 1038 3206 commemoramur
1057 3151 1117 3206 est.
1146 3137 1213 3204 Ve·
1282 3137 1470 3204 „heberet”
1488 3177 1534 3209 ,-
1553 3160 1607 3226 qu.
1621 3137 1674 3206 87.
1697 3159 1761 3206 „an
1782 3139 1926 3205 ereditor
1940 3158 2044 3224 snpra
2059 3137 2106 3202 di-

388 3233 572 3303 rumtatnen'
587 3258 661 3304 eum
675 3239 710 3303 in
723 3238 807 3305 libro
821 3239 1061 3326 manuscripto,
1089 3260 1153 3328 quo
1168 3241 1214 3305 lo.
1282 3250 1377 3306 »otus
1399 3239 1463 3304 sibi
1483 3243 1537 3306 ius
1559 3241 1674 3308 dicens
1694 3241 1856 3310 creditum
1876 3261 1971 3308 suum
1986 3244 2109 3306 amittet

355 3348 371 3399 a
388 3337 494 3402 Andr.
508 3335 674 3420 utebatur,
698 3342 851 3408 rubricae
864 3339 992 3430 passim
1006 3345 1128 3426 pamm*
1139 3352 1215 3428 apte
1284 3352 1338 3410 „et
1353 3341 1550 3428 quomodo?

387 3439 562 3522 appositae
577 3437 698 3505 fuerint
713 3439 769 3521 (01.
784 3434 850 3510 itot
864 3441 895 3510 1.
911 3443 955 3510 ad
965 3453 1054 3527 'part
1068 3443 1099 3510 9.
1116 3443 1146 3532 §.
1154 3443 1215 3526 7.),
1325 3441 1363 3526 3)
1405 3447 1542 3524 inparte
1552 3447 1746 3526 proximiori.
1761 3439 1800 3508 B.
1811 3443 1849 3508 P.
1863 3478 1904 3491 -
1917 3443 1967 3510 At
1984 3443 2037 3510 „in
2052 3463 2107 3510 su·

387 3551 420 3605 et
451 3549 539 3606 totns
568 3539 621 3627 §§.
647 3541 695 3607 18.
724 3556 758 3609 et
780 3544 827 3610 19.
854 3555 1046 3628 contextus,
1075 3546 1215 3631 perinde
1284 3543 1457 3628 „parieti”
1472 3541 1511 3610 0.

387 3651 423 3706 ut
440 3642 473 3706 in
488 3643 541 3707 ed.
558 3641 619 3722 G.‚
648 3664 723 3709 eum
742 3648 786 3711 tit.
810 3648 853 3713 de
876 3645 1000 3732 appell.
1021 3648 1216 3726 coniunctus
1325 3641 1366 3724 4)
1410 3643 1447 3710 si
1472 3647 1546 3729 ipse
1560 3654 1677 3711 noster
1690 3646 1871 3712 secundam
1885 3658 1968 3732 part.
1984 3644 2031 3732 (§.
2041 3643 2107 3725 19.)

387 3763 466 3810 esse
488 3746 642 3830 potuerim
671 3745 823 3830 profecto
846 3767 922 3814 eam
944 3747 1050 3815 solam
1071 3747 1113 3814 ob
1137 3768 1215 3814 eau-
1284 3743 1317 3808 h.
1331 3742 1354 3809 l.
1368 3745 1600 3830 proximiorem
1615 3763 1695 3814 esse
1710 3747 1800 3827 dixit,
1811 3757 1881 3814 tres
1894 3757 2020 3814 tantum
2033 3747 2108 3814 libri

341 3870 373 3920 to
389 3865 478 3927 sam,
499 3847 648 3932 quodie.
665 3847 906 3916 Andr.nullam
921 3851 1074 3917 rubricae
1089 3850 1133 3916 ad
1146 3847 1179 3914 lr.
1193 3848 1217 3914 l.
1285 3846 1466 3931 particulas
1480 3849 1604 3915 admitti
1617 3845 1949 3935 posse'faeilepatet
1975 3849 2027 3918 01
2040 3861 2106 3915 not.

388 3947 588 4025 referendae
612 3951 812 4018 mentionem
833 3950 927 4034 feeit,
955 3953 1052 4019 istam
1073 3954 1217 4036 partiou-
1287 3947 1567 4034 101000103-
1585 3948 1617 4036 §.
1635 3951 1666 4018 o.
1903 3977 1906 3984 ¹

360 4047 473 4134 clara,
518 4050 560 4114 de
597 4052 693 4118 euius
728 4064 922 4138 argumento
950 4063 1066 4121 noster
1094 4073 1133 4120 se
1170 4054 1217 4120 di·
1326 4049 1364 4134 e)
1408 4055 1448 4116 de
1474 4073 1580 4134 propr.
1608 4075 1660 4136 qa.
1690 4053 1727 4119 P.
1758 4051 1797 4120 G.
1826 4088 1868 4100 -
1897 4055 1947 4121 At
1976 4073 2049 4139 aqu.
2065 4053 2107 4120 de

386 4161 518 4218 otnrum
541 4171 621 4218 esse
643 4152 821 4236 professus
841 4167 893 4222 est
913 4153 974 4240 (01.
995 4164 1079 4239 part.
1094 4154 1124 4220 1.
1139 4152 1170 4241 §.
1185 4154 1216 4219 9.
1285 4155 1439 4237 „propr”
1454 4152 1493 4217 B.

386 4273 462 4338 pag.
481 4250 531 4318 19.
547 4271 638 4320 vers.
654 4256 683 4320 9.
700 4266 733 4322 et
746 4259 852 4346 sem),
869 4258 1016 4342 spmiam
1032 4257 1143 4324 dicere
1158 4277 1216 4324 ne·
1309 4253 1362 4338 Ι0)
1407 4252 1617 4322 eidemin
1631 4256 1867 4326 v.transserre.
1882 4277 1972 4326 vers.
1983 4260 2107 4325 sivero

339 4371 372 4424 ts
390 4373 556 4442 quaquam
569 4353 655 4422 lieet
1283 4355 2107 4446 0001111001.01010001110100010010013.

429 4457 468 4540 9)
511 4454 558 4524 01
576 4460 617 4522 lt.
634 4459 677 4522 D.
688 4467 746 4524 rat.
762 4464 828 4526 rott-
845 4459 876 4546 §.
884 4459 935 4528 37.
949 4462 1084 4547 pagdd.
1099 4466 1214 4545 Itum.
1284 4455 1314 4544 §.
1328 4456 1360 4523 3.
1376 4456 1644 4540 0000101013,
1663 4461 1692 4527 l.
1705 4462 1741 4526 in
1753 4481 1783 4528 v.
1799 4463 1958 4530 audiatur.

389 4554 545 4644 §.ipae
554 4559 604 4624 77.
620 4563 687 4624 eod.
705 4561 790 4627 Oltis.
806 4559 872 4648 §.2
888 4561 1042 4649 pagddti
1068 4566 1217 4646 liuentia.
1370 4558 1428 4645 Sp.
1442 4561 1518 4627 edd.
1543 4561 1605 4630 „Et
1624 4560 1690 4629 hoo
1710 4563 1744 4628 in
1767 4585 1850 4632 casu
1867 4565 1987 4650 poterit
2006 4565 2110 4630 iudex

389 4655 421 4744 §.
437 4657 508 4724 100.
525 4660 596 4726 149.
610 4660 684 4728 330.
699 4681 774 4750 pag.
789 4661 863 4730 340.
878 4663 950 4730 371.
967 4663 1042 4730 tro.
1285 4664 1494 4745 »praesentis
1508 4663 1725 4750 allegationes
1740 4668 1917 4732 cumomni
1931 4661 2108 4734 subtilitate
2226 4751 2228 4756 ι

473 4759 654 4829 Praeterea
680 4765 754 4851 ipse
777 4767 851 4829 Pitt.
881 4787 935 4853 qu.
953 4767 1001 4834 19.
1024 4786 1096 4832 ‘nan
1125 4776 1216 4834 certo
1285 4762 1636 4832 ”audireetdiffinitive
1648 4770 1849 4832 sententiare
1861 4777 2108 4853 proproesante

340 4872 375 4930 20
392 4861 483 4928 alooo
503 4864 695 4945 promittens
710 4868 864 4952 vagando
883 4889 946 4953 per
965 4870 1080 4936 orbem
1094 4869 1217 4956 ubique
1285 4876 1422 4932 noouma
1436 4865 1628 4950 absentem,
1647 4868 1702 4936 vel
1717 4869 1817 4934 etiam
1829 4887 1892 4952 pro
1905 4872 2063 4944 absente,
2078 4869 2109 4932 si

391 4975 566 5048 »repertus
580 4969 688 5048 possit
702 4970 902 5037 conveniri?
916 4967 980 5050 (01.
997 4975 1041 5033 10.
1057 4969 1160 5036 Andr.
1177 4978 1221 5036 od
1286 4968 1497 5054 ”cognoverit
1510 4989 1588 5036 eum
1600 4969 1771 5036 meliorem
1779 4970 2059 5037 eansambabere.
2071 4979 2109 5031 nt

390 5069 431 5130 Ι).
445 5089 492 5147 ep.
513 5065 568 5134 lib.
582 5065 613 5132 9.
636 5087 670 5151 p.
687 5068 715 5134 l.
736 5071 782 5137 tit.
803 5071 846 5138 de
861 5079 1001 5154 compet.
1016 5071 1135 5138 tudieis
1148 5074 1217 5140 adi·
1286 5068 1391 5135 nCod.
1407 5070 1449 5136 de
1463 5072 1528 5137 iud.
1543 5071 1575 5154 3,
1592 5072 1621 5138 l.
1636 5069 1658 5135 l.
1672 5072 1929 5156 properandum.
1945 5068 1993 5136 13.
2007 5067 2040 5155 §.
2054 5070 2108 5136 sin

389 5171 488 5234 tione.
504 5166 572 5254 §.t
588 5167 792 5238 00103010
805 5193 836 5238 v.
851 5174 1030 5258 sequenti.)
1045 5205 1087 5220 —
1103 5195 1157 5261 qu.
1164 5175 1216 5242 80.
1239 5189 1245 5202 ’
1285 5182 1414 5240 nantem
1435 5194 1525 5242 reus.
1539 5173 1569 5240 3.
1586 5173 1617 5238 4.
1641 5182 1674 5235 et
1696 5170 1778 5238 Cod.
1801 5192 1911 5260 quom.
1933 5182 1967 5239 et
1986 5171 2106 5258 quand.

392 5291 454 5338 „an
476 5290 542 5336 nou
566 5271 711 5340 creditor
735 5275 843 5358 possit
863 5275 1002 5360 propria
1023 5277 1215 5344 auctoritate
1285 5275 1370 5341 aiud.
1385 5277 1417 5359 7,
1432 5275 1519 5343 431
1534 5273 1864 5342 semanimem&
