4782 5960
395 570 459 640 326
951 560 1084 628 Gratiae
1101 562 1143 628 de
1158 559 1305 626 indicior.
1322 558 1393 624 ord.
1424 557 1463 624 P.
1479 558 1509 623 l.

397 759 433 834 7.
450 755 520 860 35),
549 758 614 830 uisi
645 780 770 830 rasura
799 755 847 828 sit
872 765 942 827 tarn
971 751 1106 826 modica
1133 762 1169 822 ct
1195 749 1316 841 exilis,
1344 747 1441 846 quod
1468 759 1616 847 propter
1643 748 1752 845 ipsam
1778 773 1851 821 non
1877 747 2022 824 deberet
2049 775 2124 821 mo·

400 865 474 938 reri
488 864 624 934 animus
639 859 827 958 sapientis,
854 858 900 930 X.
930 859 973 928 G.
1000 855 1044 927 de
1071 856 1168 926 crim.
1193 851 1282 922 falsi.
1298 848 1336 944 5,
1351 847 1414 922 30.
1442 876 1473 922 o.
1497 850 1637 949 fln.³⁶);
1664 893 1715 904 --
1740 851 1900 943 „inioco
1917 853 2124 950 suspecto,”

399 967 479 1042 idco
506 964 602 1057 dixi,
647 964 728 1062 quio
756 964 786 1032 si
813 961 848 1030 in
874 959 956 1030 sacti
985 959 1183 1028 narratione
1209 955 1404 1026 inveniatur
1429 952 1617 1045 abrasum,
1659 978 1730 1025 uon
1757 966 1904 1052 propter
1932 953 2000 1026 boo
2025 955 2125 1025 vitia·

401 1083 484 1162 tur,
514 1067 560 1138 X.
588 1068 629 1138 G.
656 1066 700 1139 de
723 1063 794 1135 fido
821 1063 981 1132 instrum.
996 1057 1034 1149 3,
1048 1055 1110 1129 33.
1139 1083 1168 1130 c.
1195 1083 1240 1130 ex
1265 1055 1388 1128 literis.
1405 1052 1442 1126 5.
1458 1054 1528 1153 37),
1555 1079 1659 1126 secus
1685 1057 1715 1126 si
1744 1056 1781 1126 in
1808 1059 2008 1130 narratione
2036 1059 2123 1128 iuris

368 1171 569 1246 tubresum
596 1168 803 1242 invenietur.
833 1165 989 1235 utine.
1018 1185 1047 1231 c.
1075 1187 1117 1232 cx
1143 1155 1353 1261 literis.³⁸);
1385 1200 1433 1212 --
1470 1159 1553 1230 item
1581 1169 1698 1228 utrum
1731 1160 1909 1247 scriptura
1943 1161 1991 1230 sit
2018 1157 2127 1230 insor-

402 1277 493 1364 tnis,
539 1283 579 1343 ut
608 1273 645 1344 in
683 1266 874 1368 prneaiicg.
907 1261 1072 1336 decretui.
1107 1261 1152 1333 de
1188 1255 1483 1358 paivttegbffltt.
1517 1285 1596 1331 cum
1632 1259 1728 1332 oiim.
1747 1255 1806 1332 14.
1822 1261 1870 1351 33)
1904 1272 1940 1331 et
1975 1287 2003 1333 o.
2033 1258 2126 1332 iicet.

403 1374 457 1474 (5,
475 1371 539 1446 30.
566 1399 596 1446 c.
612 1370 663 1463 ὅ.)
680 1373 728 1462 30)
757 1380 791 1440 et
822 1366 867 1437 de
894 1366 964 1438 iide
989 1366 1150 1436 instrum.
1163 1359 1200 1455 3,
1217 1360 1276 1434 33.
1308 1390 1338 1434 c.
1367 1363 1459 1434 inter
1484 1359 1694 1434 dilectosss.
1713 1360 1783 1459 33))
1821 1403 1872 1417 -
1903 1363 1987 1434 item
2014 1361 2126 1458 quaii-

405 1492 516 1554 tetem
546 1474 688 1548 eirartue
724 1469 899 1566 inspiciat,
927 1480 966 1540 ut
993 1469 1030 1538 in
1058 1465 1190 1538 decret.
1219 1464 1310 1536 licet.
1337 1461 1392 1562 (5,
1404 1460 1467 1536 30.
1494 1459 1677 1563 Ἰο.ἰί)33),
1706 1490 1798 1560 quae
1822 1465 2016 1538 secuudum
2044 1489 2126 1535 con·

405 1577 629 1654 suetudinem
656 1575 770 1647 curine
797 1570 962 1666 pecorina
989 1593 1065 1640 esse
1092 1567 1278 1640 consuerit
1303 1579 1339 1638 ct
1366 1591 1491 1659 grossa
1508 1567 1580 1660 33))
1614 1606 1663 1619 -·-
1696 1580 1732 1639 et
1757 1568 1872 1639 omnia
1903 1569 1987 1640 vitia
2014 1567 2127 1640 consi·

356 1700 389 1754 10
406 1685 528 1772 deret,
553 1705 641 1776 quae
668 1674 855 1747 traduntur
881 1672 928 1742 X.
956 1673 999 1743 G.
1025 1670 1069 1742 de
1096 1672 1194 1741 crim.
1222 1669 1314 1740 falsi.
1333 1665 1371 1761 5,
1389 1664 1453 1740 30.
1480 1693 1509 1740 c.
1536 1667 1629 1740 licet.
1647 1664 1682 1738 5.

510 1782 574 1852 His
601 1781 709 1872 igitur
743 1775 911 1870 inspectis
943 1773 1059 1844 statim
1087 1772 1194 1842 index
1227 1772 1431 1868 praecipere
1463 1767 1571 1842 debet
1598 1769 1754 1862 notario,
1795 1768 1891 1866 quod
1919 1767 1963 1840 de
1989 1795 2129 1868 reprae-

404 1885 603 1960 sentatione
631 1880 812 1950 literarum
841 1877 1000 1945 noterius
1028 1873 1209 1971 publicum
1242 1872 1404 1946 conficiet
1434 1873 1726 1967 instrumentum,
1756 1883 1819 1944 aut
1848 1873 2003 1968 ipsarum
2029 1897 2129 1970 prae·

407 1983 558 2060 scotatio
594 1983 629 2050 in
666 1992 743 2052 acta
774 1975 916 2074 publica
948 1977 1129 2070 redigatur
1160 2001 1226 2072 per
1258 1975 1351 2046 duos
1386 1973 1533 2053 idoneott
1569 1975 1675 2046 virm.
1702 1985 1743 2048 ut
1768 1975 1919 2046 traditur
1947 1975 1995 2048 X.
2021 1976 2063 2048 G.
2084 1973 2130 2048 de

407 2087 547 2187 probat.
567 2080 684 2174 3,19.
709 2108 739 2152 c.
767 2081 933 2177 quoniam
964 2093 1086 2152 contra
1114 2076 1251 2149 falsam.
1265 2073 1323 2149 11.
1337 2075 1386 2173 33)

357 2201 389 2253 tt
508 2187 677 2258 Notarius
704 2207 846 2282 quoqne
875 2183 920 2252 sit
947 2195 1087 2272 cautus,
1117 2191 1170 2272 ut,
1193 2181 1282 2251 sicut
1308 2179 1457 2250 diximus
1486 2177 1531 2250 de
1555 2175 1689 2270 iudice,
1717 2191 1752 2250 et
1779 2180 1856 2275 ipse
1882 2201 2024 2276 quoque
2051 2175 2130 2252 lite·

406 2316 465 2363 ras
491 2287 653 2386 inspiciat
678 2284 882 2378 diiigenter,
917 2285 1019 2380 quia,
1056 2310 1133 2354 cnm
1159 2293 1325 2378 oporteat
1349 2307 1429 2354 eum
1454 2281 1490 2351 in
1517 2281 1609 2354 serie
1636 2280 1858 2352 instrumenti
1883 2305 2061 2372 enomere,
2094 2305 2132 2352 se

380 2404 384 2419 '
408 2395 526 2468 literas
552 2393 706 2482 integras
732 2399 769 2459 et
793 2387 1017 2482 incorruptas
1043 2385 1184 2476 vidisse,
1215 2385 1244 2455 si
1270 2385 1389 2455 vitium
1416 2393 1587 2480 appareat
1614 2383 1839 2478 postmodum
1866 2384 1901 2453 in
1927 2382 2051 2474 literis,
2079 2382 2130 2452 in-

408 2502 637 2567 strumentum
672 2480 798 2563 notarii
833 2490 965 2585 poterit
991 2486 1158 2579 redargui
1192 2485 1376 2579 falsitatis,
1417 2486 1485 2556 nisi
1512 2481 1748 2582 probaretur,
1779 2484 2010 2580 postmodum
2036 2481 2134 2554 istud

409 2597 532 2668 vitium
558 2593 737 2665 accidisse.
764 2629 814 2641 -
865 2591 911 2662 Et
944 2588 1041 2686 quod
1068 2589 1149 2660 dieo
1179 2587 1224 2660 de
1251 2587 1362 2660 iudice
1390 2600 1426 2660 et
1450 2587 1609 2682 notario,
1647 2586 1737 2658 idem
1763 2587 1836 2658 i'erc
1862 2586 1940 2660 dieu
1967 2584 2011 2658 de
2036 2597 2132 2658 acto·

359 2709 393 2764 2⁰
410 2724 450 2790 re
476 2708 512 2769 et
537 2719 610 2767 reo.
635 2733 684 2748 --
736 2695 777 2764 ln
803 2689 873 2764 boc
898 2715 982 2762 casu
1011 2716 1132 2763 omnes
1159 2691 1230 2762 siut
1255 2692 1348 2764 cunti
1372 2690 1407 2762 in
1435 2689 1583 2762 articulo
1610 2699 1837 2785 praenotato:
1865 2728 1916 2744 —
1948 2701 2066 2780 actor,
2090 2711 2133 2760 ne

409 2801 512 2873 salsis
540 2797 650 2869 literis
678 2806 797 2868 utatur
816 2795 978 2884 scienter,
1005 2807 1045 2864 ut
1070 2793 1116 2864 X.
1144 2792 1186 2864 G.
1213 2791 1258 2867 de
1283 2795 1379 2866 erim.
1407 2787 1617 2884 totototo.
1644 2817 1674 2862 c.
1701 2791 1745 2862 ad
1770 2787 2133 2886 falsariorum.7.45)3

411 2941 461 2957 -
486 2911 606 2974 cavent
630 2897 751 2990 iudex,
779 2921 823 2968 ne
849 2897 1056 2968 anctoritate
1082 2892 1163 2966 taisi
1188 2895 1411 2968 instrumenti
1439 2891 1628 2990 prosudat,
1655 2904 1695 2965 nt
1720 2895 1756 2964 in
1782 2919 1812 2966 e.
1840 2903 1865 2964 t.
1888 2917 1917 2964 r.
1945 2918 2130 2991 supereo.

411 3001 448 3076 3.
476 3016 512 3076 et
539 3029 569 3076 e.
591 3027 695 3100 quum
722 2999 830 3092 gravi.
845 2997 881 3068 0.
897 2996 965 3098 ⁴⁶),
984 3036 1046 3095 ·-
1077 3009 1199 3070 caveat
1223 2998 1406 3089 notarius,
1433 3023 1478 3068 ne
1503 2997 1539 3066 in
1566 2994 1695 3068 falsum
1724 3007 1877 3087 asserat,
1907 3007 1948 3066 ut
1970 2997 2005 3066 in
2031 3019 2133 3091 prae·

311 3170 315 3176 .
413 3106 517 3198 alleg.
545 3104 675 3177 decret.
708 3127 787 3174 cum
821 3099 915 3172 obm.
941 3096 999 3197 (5,
1014 3096 1090 3170 55
1106 3125 1135 3170 c
1153 3095 1235 3195 14.)
1271 3111 1306 3172 et
1338 3099 1383 3172 dc
1415 3097 1485 3170 fide
1519 3099 1677 3169 instrum.
1697 3095 1734 3188 3,
1750 3093 1811 3168 33.
1838 3121 1868 3170 c.
1894 3095 2047 3170 intenti.
2067 3097 2134 3189 4⁷),

363 3231 395 3280 25
414 3249 464 3264 -
489 3209 572 3278 item
596 3231 679 3276 rens
706 3215 845 3295 caveat,
877 3227 922 3272 ne
947 3226 1012 3297 per
1038 3201 1147 3270 lirinus
1174 3200 1297 3273 iitcras
1324 3199 1565 3275 conveniatur.
1592 3210 1633 3269 ut
1658 3201 1694 3270 iu
1719 3201 1772 3272 tit.
1796 3198 1843 3272 de
1869 3199 1966 3272 erim.
1994 3195 2133 3292 tabit,

411 3306 476 3380 30.
493 3334 559 3405 per
585 3319 709 3378 totum.
737 3315 772 3377 et
798 3303 842 3375 de
871 3314 1053 3400 procuret.
1070 3298 1106 3395 1,
1125 3299 1188 3374 58.
1215 3329 1245 3375 c.
1273 3305 1309 3374 in
1334 3315 1467 3375 nostra.
1485 3299 1535 3399 38)
1559 3299 1596 3373 4.
1610 3291 1664 3404 33)

456 3553 515 3637 35)
557 3554 669 3619 innoc.
684 3553 714 3618 3.
746 3551 798 3618 01.
821 3553 928 3616 ones.
954 3551 988 3616 in
1012 3572 1044 3617 v.
1075 3553 1241 3620 annotatio
1309 3559 1473 3618 amentum
1494 3571 1593 3618 menn
1614 3551 1749 3636 propriu
1768 3550 2026 3637 conscripsisse.
2041 3551 2137 3617 litere

416 3657 587 3742 temporis.
605 3665 636 3720 et
650 3657 683 3720 in
699 3677 730 3721 r.
745 3665 883 3740 propter
896 3654 1077 3739 praedicta.
1312 3673 1464 3740 „quoque
1486 3656 1653 3720 recentior
1675 3653 1867 3734 videbatur,
1894 3673 1997 3739 quem
2022 3651 2137 3719 charte

458 3760 511 3834 36)
556 3760 671 3824 innoc.
686 3756 715 3824 3.
1313 3756 1419 3823 „ete”
1434 3757 1601 3820 -lnnon
1613 3754 1644 3821 3.

384 3915 388 3926 ,
458 3863 516 3937 et)
559 3859 724 3926 Alexand.
739 3859 770 3924 3.
1354 3857 1413 3940 43)
1455 3876 1546 3924 vers.
1568 3867 1665 3922 sexta
1678 3865 1741 3924 etc.
1762 3865 1797 3922 et
1815 3855 2061 3939 versseptima
2074 3864 2136 3921 etc.

384 3990 400 4040 5
459 3963 516 4044 38)
561 3961 614 4028 01.
632 3962 736 4027 Glorr.
752 3960 786 4025 in
799 3979 831 4025 v.
846 3959 992 4026 abrasae
1015 3971 1100 4026 sunt.
1115 3971 1149 4026 et
1165 3959 1244 4028 adt
1353 3957 1412 4043 43)
1453 3965 1600 4041 pecorino
1623 4003 1630 4020 .
1651 4005 1661 4023 .
1684 3980 1828 4038 .prorre.
1862 3968 1982 4045 (quem
2010 3977 2138 4025 morem

417 4087 448 4132 c.
463 4064 521 4130 uit.
537 4065 580 4130 X.
597 4063 638 4130 G.
653 4066 695 4132 de
712 4064 804 4130 crint.
818 4059 908 4128 falsi.
922 4061 957 4126 iu
970 4083 1002 4126 v.
1016 4081 1167 4128 rasuras.
1311 4062 1377 4130 isto
1397 4072 1547 4142 tempore
1567 4059 1633 4124 iarn
1654 4058 1803 4142 viguisse
1830 4060 1911 4124 setis
1930 4069 2044 4124 notum
2063 4063 2136 4136 est.)

460 4165 517 4245 39)
561 4167 653 4229 verb.
673 4164 955 4247 „subscriptiones
971 4161 1242 4250 singulast'nisse
1312 4161 1405 4226 -B.
1426 4145 1582 4245 ”peorinu
1600 4205 1634 4226 ..
1651 4205 1659 4222 .
1679 4160 1793 4226 rosa?
1821 4197 1864 4210 -
1893 4157 2050 4224 Ceterum
2070 4157 2138 4244 pie·

418 4265 577 4354 „ungulis
597 4265 874 4332 subscribentium
894 4267 1046 4332 manibus
1070 4267 1244 4332 adamatus
1314 4264 1390 4329 nius
1410 4261 1554 4330 fortasse
1570 4262 1797 4342 scribendum,
1821 4270 1935 4346 (prout
1952 4262 1985 4326 in
2000 4265 2137 4326 Bmoot.

420 4371 524 4436 „etc”
554 4365 605 4432 01.
623 4366 727 4431 orosa.
749 4368 783 4431 in
804 4388 835 4431 v.
859 4366 1134 4452 subscriptiones.
1156 4387 1246 4435 vers.
1315 4389 1361 4448 cp.
1376 4364 1432 4430 lib.
1447 4365 1477 4430 2.
1492 4385 1526 4448 p.
1543 4363 1573 4430 1.
1595 4365 1638 4428 tit.
1662 4364 1704 4430 de
1719 4364 1876 4447 rescripti
1890 4373 2092 4448 praesentat.
2108 4360 2139 4448 §.

371 4491 405 4543 to
422 4474 484 4538 sed
498 4471 673 4554 probatura
687 4463 757 4532 fuit.
1315 4465 1346 4532 3.
1362 4487 1450 4532 num.
1464 4467 1531 4547 4.):
1553 4463 1688 4532 »charta
1703 4467 1874 4549 pecorina,
1889 4485 2012 4552 grossa
2025 4475 2060 4530 et
2072 4483 2138 4530 non

463 4572 517 4649 40)
563 4569 612 4636 01.
633 4569 736 4634 Gtocc.
751 4571 784 4632 in
799 4591 831 4635 v.
846 4569 878 4634 in
892 4568 1000 4637 formu
1015 4574 1213 4654 scripturae.
1315 4569 1445 4634 „raso”

463 4674 522 4758 41)
564 4672 659 4738 verb.
676 4690 773 4738 scum
787 4669 902 4738 oborta
916 4673 1140 4740 vetustissima
1154 4672 1246 4736 vide-
1356 4669 1414 4746 44)
1458 4689 1502 4734 ex
1517 4689 1610 4736 conr.
1617 4668 1728 4736 Later.
1736 4669 1849 4737 innoc.
1857 4674 1886 4736 3.
1902 4689 1931 4733 u.
1941 4667 2034 4734 1215.
2050 4690 2077 4735 e.
2087 4667 2140 4735 38.

422 4787 553 4856 oretur,
574 4772 941 4858 recentiorupparebat
955 4773 1137 4855 scripture,
1167 4782 1248 4838 tum·
1357 4769 1414 4852 45)
1459 4771 1570 4836 innoc.
1585 4769 1616 4836 3.
1647 4769 1697 4836 01.
1715 4772 1820 4837 01ωι.
1840 4769 1874 4834 ἱιι
1892 4791 1922 4835 v.
1944 4771 2140 4836 examinent.

421 4898 540 4970 „quum
554 4896 621 4940 non
634 4871 691 4941 illo
706 4885 855 4960 tempore
870 4872 959 4940 faeta
970 4873 1120 4940 suisset?
1316 4883 1350 4936 et
1364 4874 1397 4936 in
1411 4896 1443 4939 v.
1454 4873 1610 4938 dixerint.

375 5000 407 5051 tr
510 4991 543 5047 et
571 4974 646 5044 intr.
675 4976 895 5061 ”subscriptio
921 4975 1039 5042 notarii
1073 4974 1249 5041 videbatur
1357 4971 1415 5048 43)
1461 4972 1512 5042 Cf.
1527 4997 1603 5060 pag.
1618 4975 1692 5042 335.
1707 4992 1797 5040 vers.
1816 4971 1865 5039 18.
1880 4972 1933 5039 33.

424 5101 565 5152 „munus
586 5077 724 5146 nonus
749 5077 876 5160 fuisse,
904 5097 1005 5164 quarn
1027 5076 1249 5161 subscripti0”
1357 5076 1428 5157 47)-
1462 5074 1513 5142 01.
1528 5088 1595 5145 not.
1610 5097 1686 5160 sup.
1700 5075 1752 5144 33.
1767 5074 1820 5139 41.

423 5183 655 5270 (conscriptio)
667 5181 914 5262 ninstmmenti,
941 5197 1017 5246 cnm
1032 5189 1142 5246 temen
1156 5189 1248 5245 note·
1358 5175 1412 5254 48)
1456 5189 1571 5244 nostra.
1588 5214 1629 5226 -
1644 5177 1683 5242 B.
1699 5177 1811 5243 orn'a.”

424 5289 514 5356 „nus
533 5287 567 5352 in
587 5283 829 5368 subscriptione
849 5281 1060 5371 profiteretur
1074 5301 1113 5350 se
1128 5283 1247 5348 insnu-
1356 5278 1416 5363 49)
1459 5280 1569 5348 innoc.
1584 5277 1615 5349 3.
1643 5277 2081 5348 enunciationem
2209 5279 2214 5288 “
