4782 5960
409 540 473 608 994
636 602 640 616 ,
1009 534 1488 606 praemonstratensis).
1503 534 1535 605 t.

412 743 512 805 extra
538 728 703 802 iudicium
729 752 920 824 gravamen
945 726 1138 820 inseratur,
1173 727 1296 798 statim¹
1316 735 1435 824 potest
1460 725 1652 824 appellari,
1682 725 1738 800 vel
1765 737 1852 828 post
1869 723 1920 826 ²³)
1945 753 2059 828 usqne
2086 728 2130 801 ad

412 834 533 907 tleeetn
554 833 650 926 dies,
677 830 774 902 salva
800 829 1047 920 distinetione,
1073 854 1178 926 quam
1205 852 1379 930 ponemus
1405 828 1440 897 in
1466 828 1591 902 ultimo
1618 827 1775 906 membro
1804 828 1909 902 buius
1930 832 2025 904 tituli
2038 820 2106 936 ²⁴).

329 938 363 1036 5.
374 936 410 1008 6.
512 933 548 1034 5.
599 933 803 1031 Appellatio
829 932 906 1004 lieri
931 941 1051 1030 potest
1075 933 1190 1028 prima
1217 931 1285 1023 die,
1308 955 1386 1004 oum
1412 933 1645 1004 sententiatos·
1672 931 1727 1008 vel
1753 930 1847 1003 aliud
1874 957 2060 1025 maranen
2077 921 2132 1036 ²⁵)

390 1039 583 1127 ‘inlortnr,
626 1037 705 1107 viva
731 1060 818 1106 voae
848 1045 885 1107 et
914 1034 992 1106 sine
1017 1035 1209 1130 scriptura,
1245 1042 1328 1130 post
1354 1057 1440 1104 vero
1467 1035 1617 1130 primum
1644 1031 1737 1108 bena
1763 1036 1903 1106 nonnisi
1928 1036 1965 1110 in
1991 1037 2132 1133 seriptis

380 1168 478 1239 sper
505 1138 659 1211 libellum
688 1136 938 1235 appellandum
965 1146 1020 1207 est
1035 1133 1104 1234 ²⁸),
1140 1138 1202 1233 qui
1225 1134 1428 1208 offerendos
1457 1147 1513 1207 est
1538 1134 1663 1228 iudici,
1699 1161 1720 1206 a
1747 1162 1820 1234 quo
1849 1137 2068 1234 appellator,
2101 1138 2133 1209 si

412 1247 489 1318 eius
515 1241 651 1337 copiam
679 1237 857 1331 babuerit,
896 1238 1051 1335 alioquin
1073 1241 1122 1329 ei,
1157 1236 1200 1309 ad
1228 1263 1334 1336 quem
1360 1236 1538 1337 appellat,
1566 1239 1658 1308 siut
1685 1236 1754 1310 boo
1779 1249 1889 1312 totum
1917 1237 2069 1315 traditur
2094 1242 2133 1312 C.

411 1343 450 1416 9.
476 1371 511 1442 q.
522 1341 557 1414 6.
583 1340 618 1441 5.
643 1339 893 1434 litigatoribus.
922 1336 1043 1438 (stt.
1068 1335 1104 1437 5.
1122 1335 1201 1437 95)
1230 1352 1266 1412 et
1291 1336 1379 1412 cod.
1407 1338 1452 1412 de
1477 1339 1608 1438 appoll.
1625 1336 1663 1432 7,
1677 1335 1739 1415 69.
1768 1339 1794 1412 l.
1815 1336 2133 1434 litigatoribustt.

413 1459 450 1520 et
478 1446 500 1519 Ι.
529 1470 601 1516 eos.
616 1440 654 1514 6.
680 1443 716 1616 5.
743 1444 798 1514 sin
825 1438 1001 1513 antonii.
1029 1451 1064 1513 et
1090 1441 1170 1534 [lig.
1187 1465 1217 1513 e.
1232 1452 1258 1513 t.
1284 1436 1349 1533 49,
1366 1436 1400 1512 1.
1427 1437 1503 1516 l.2.
1520 1432 1573 1547 ²⁷)
1600 1451 1637 1516 et
1658 1443 1739 1538 big.
1766 1443 1905 1542 quaudo
1931 1442 2133 1543 appallaod.

413 1549 472 1621 sit.
488 1544 553 1639 49,
570 1544 608 1620 4.
636 1544 661 1617 l.
706 1597 716 1615 .
742 1543 777 1643 5.
805 1545 889 1616 dies.
905 1541 940 1614 7.
968 1555 1004 1614 et
1029 1541 1066 1642 5
1090 1544 1121 1614 si
1148 1543 1242 1642 quis.
1256 1539 1317 1615 10.
1337 1531 1390 1645 28)

369 1670 402 1722 to
521 1651 653 1726 Forma
669 1646 780 1722 libelli
797 1645 1048 1744 appellationis
1063 1643 1149 1717 baeo
1170 1647 1254 1717 erit:
1270 1645 1376 1740 „Ego
1394 1645 1526 1739 Titius,
1540 1645 1697 1718 sentiens
1710 1671 1767 1720 me
1783 1648 2066 1744 gravatam,'’--
2079 1617 2136 1722 vel

412 1753 571 1847 „iniuste
596 1747 904 1840 condemnatum,”
923 1789 972 1803 -
996 1771 1044 1840 „a
1070 1749 1240 1820 sententia
1267 1758 1347 1841 toa,
1374 1746 1514 1820 domine
1540 1748 1602 1841 11,
1629 1747 1864 1822 Bononiensis
1880 1743 1928 1839 39)
1955 1751 2135 1850 episeopo,

416 1879 550 1954 „quana
577 1852 689 1924 tulisti
715 1851 778 1922 tali
802 1851 858 1922 alie
886 1873 952 1947 pro
979 1847 1081 1943 Seio,
1109 1851 1145 1920 in
1175 1851 1382 1954 quaestione
1409 1850 1555 1943 domos,
1582 1873 1673 1948 quae
1697 1852 1790 1924 inter
1814 1877 1870 1924 me
1896 1863 1932 1925 et
1955 1853 2073 1951 ipsum
2098 1852 2135 1924 in

415 1968 505 2050 „tua
537 1953 712 2026 audientia
745 1955 902 2026 noscitur
935 1951 1124 2047 ventilata,
1166 1952 1360 2026 llomaoam
1395 1951 1515 2024 sedem
1540 1950 1686 2052 appello
1714 1966 1750 2027 et
1775 1952 1961 2052 apostolos
1986 1965 2071 2053 pato
2101 1967 2137 2028 et

445 2062 617 2129 instanter
668 2055 765 2128 eto.”
777 2057 810 2108 ³⁰

367 2174 399 2224 15
415 2110 442 2152 ⁹,
520 2160 578 2230 Sic
602 2083 693 2230 enlin
721 2055 973 2252 concipiendus
999 2166 1054 2226 est
1081 2152 1278 2228 huiusmodi
1303 2153 1468 2250 libellus,
1494 2153 1591 2255 quod
1619 2157 1799 2231 contiueat
1826 2181 1953 2230 nomen
1979 2139 2136 2257 appella·

339 2329 350 2349 ,
417 2264 526 2355 toris,
553 2270 590 2332 ot
615 2258 759 2351 iudiois,
794 2283 914 2359 aquo
938 2258 1157 2356 appellatur,
1191 2269 1230 2330 et
1254 2257 1350 2351 eins,
1377 2257 1422 2330 od
1447 2283 1554 2357 quern
1580 2258 1780 2357 appellatur
1796 2252 1872 2362 ³¹),
1910 2270 1947 2334 et
1972 2261 2136 2334 adversa·

417 2368 479 2458 rii,
502 2374 625 2438 eontra
651 2387 754 2460 quem
781 2359 1002 2458 appellatur,
1037 2371 1073 2432 ot
1097 2360 1192 2432 diem
1217 2359 1310 2434 latae
1343 2361 1538 2434 sententiae
1562 2372 1599 2435 et
1620 2363 1850 2459 interpositae
1874 2361 2136 2462 appellationis,

417 2480 454 2540 et
479 2463 695 2564 capitulam,
735 2489 844 2562 super
875 2487 949 2559 quo
985 2461 1196 2558 appellatur.
1247 2463 1295 2534 Et
1325 2463 1355 2533 si
1386 2463 1508 2560 plures
1535 2458 1697 2535 babuerit
1722 2463 1962 2555 adversarios,
2005 2491 2137 2564 ponere

418 2567 526 2642 (lebet
551 2570 587 2638 in
613 2564 740 2637 libello
767 2565 910 2638 nomina
939 2564 1180 2656 singulorum,
1207 2563 1237 2633 si
1267 2577 1388 2636 eooba
1417 2562 1655 2664 quoslibet³²)
1683 2564 1769 2637 velit
1792 2565 1984 2664 appellare.
2035 2569 2138 2642 Etsi

369 2683 402 2735 2⁰
420 2671 524 2770 plora
550 2678 635 2740 sunt
661 2667 817 2764 capitula
844 2665 900 2737 vel
926 2667 1174 2764 quaestiones,
1205 2665 1343 2759 singula
1368 2679 1499 2765 ponat,
1533 2691 1644 2766 anper
1668 2665 1798 2765 quibus
1820 2661 2002 2767 appellare
2025 2670 2138 2742 inten-

419 2775 490 2865 dit,
530 2771 622 2868 (non
651 2771 741 2842 enim
768 2765 875 2841 dohet
902 2766 1083 2865 appellare
1112 2765 1319 2864 superbis,
1361 2770 1397 2840 in
1425 2768 1555 2870 quibus
1582 2779 1638 2842 est
1668 2767 1739 2842 lata
1772 2771 1946 2842 sententia
1973 2796 2039 2868 pro
2064 2770 2138 2868 eo),

420 2874 477 2947 vel
502 2874 613 2946 dieat:
640 2870 716 2964 „ab
743 2895 783 2944 ea
809 2881 915 2969 parte·
938 2871 1144 2963 sententiae,
1172 2893 1264 2968 quae
1292 2882 1415 2944 eontra
1439 2897 1495 2946 me
1522 2870 1592 2942 tata
1618 2883 1684 2963 est,
1706 2870 1902 2946 Romanam
1928 2872 2047 2945 sedam
2077 2898 2138 2970 ap-

419 2976 544 3074 „pello
570 2974 659 3048 ete.''
711 2974 985 3066 Verumtamen,
1026 2973 1056 3044 si
1090 2972 1211 3070 plnres
1242 2970 1406 3046 babuerit
1438 2973 1661 3047 adversarios
1694 2985 1730 3046 et
1754 2973 1978 3071 quorundam
2000 2975 2139 3048 nomina

425 3104 498 3152 non
523 3077 700 3176 expressit
725 3076 763 3146 in
790 3073 1040 3172 appellatione,
1068 3099 1141 3150 ooo
1165 3072 1420 3174 praescribitur
1446 3075 1658 3176 appellatori
1684 3075 1802 3176 quoad
1828 3076 1926 3170 illos,
1953 3101 2045 3176 quos
2069 3102 2140 3150 non

465 3329 524 3413 93)
566 3325 708 3414 adpost.
725 3361 767 3380 -·
784 3324 873 3393 ata
897 3336 948 3392 ret
963 3335 1041 3392 ante
1054 3325 1250 3396 seutentiam
1317 3327 1434 3407 adum,
1462 3337 1666 3411 protestetur
1679 3328 1721 3394 de
1735 3328 1808 3393 iuro
1821 3348 1885 3394 sno
1898 3339 1933 3394 et
1946 3349 2068 3396 causas
2083 3349 2138 3394 ex·

422 3434 594 3515 „etpost”
1317 3430 1475 3514 aprino,
1501 3440 1639 3514 propter
1660 3449 1744 3518 quas
1764 3429 1926 3516 appellat,
1953 3450 2068 3497 eoram
2082 3449 2140 3495 eo·

462 3533 521 3616 94)
563 3527 1248 3618 t.t§.1t.vos.eunsutenappeua·
1317 3531 1415 3598 „dem
1428 3530 1555 3612 iudice,
1582 3533 1612 3596 si
1633 3533 1764 3618 copiam
1783 3532 1856 3598 ains
1870 3531 1994 3599 babere
2007 3533 2139 3616 poterit,

419 3634 520 3701 toria
534 3631 667 3700 iudioio.
1315 3640 1371 3697 aet
1397 3631 1429 3698 si
1455 3651 1523 3698 non
1552 3631 1659 3716 possit
1678 3633 1830 3700 eiusdem
1851 3632 1976 3700 babere
1998 3635 2138 3720 eopiosa.

389 3749 405 3798 a
464 3735 525 3819 9ῠ)
568 3737 669 3799 vetat.
683 3757 770 3816 praa
791 3767 832 3782 -·
852 3731 906 3799 Rs.
919 3731 950 3800 9.
968 3743 1023 3800 sot
1036 3731 1250 3819 gravamen?
1318 3753 1454 3800 »sorana
1484 3733 1627 3817 publicis
1655 3732 1804 3802 honestis
1830 3735 1986 3821 personis
2006 3735 2071 3802 boo
2091 3733 2140 3802 ia·

305 3917 308 3925 .
463 3837 524 3921 96)
566 3835 606 3902 lb
622 3837 655 3903 t.
677 3847 710 3902 et
727 3834 750 3902 l.
764 3845 841 3902 test.
856 3838 990 3900 Harant.
1006 3857 1055 3918 sp.
1085 3833 1141 3902 lib.
1155 3839 1189 3902 9.
1216 3853 1250 3918 p.
1319 3835 1414 3901 neiat.
1433 3835 1521 3902 utX
1538 3833 1579 3904 G.
1599 3836 1642 3902 de
1662 3835 1784 3922 appell.
1800 3841 1833 3918 9,
1848 3835 1901 3904 98.
1930 3857 1962 3903 o.
1983 3837 2014 3902 si
2034 3839 2142 3904 iustus

421 3941 452 4006 3.
468 3941 500 4006 b.
514 3949 536 4004 t.
551 3938 581 4026 §.
595 3939 628 4006 s
647 3959 734 4006 uam.
751 3938 780 4005 l.
802 3947 837 4004 et
856 3936 901 4002 ibi
924 3939 969 4000 Io.
985 3938 1090 4004 Andr.
1108 3937 1143 4006 io
1156 3955 1188 4002 r.
1203 3936 1251 4001 di·
1319 3935 1730 4021 „marus.73.”G1-egor.9.

298 4081 301 4092 ·
421 4042 604 4108 xitTanor.
625 4041 702 4108 „ubi
724 4043 859 4124 snpra.”
873 4038 911 4103 ti.
925 4058 955 4105 e.
970 4037 1003 4105 b.
1017 4049 1040 4103 t.
1055 4040 1098 4104 ds
1113 4035 1248 4122 appell.)
1359 4037 1418 4124 99)
1461 4043 1582 4104 Bonan.
1611 4073 1654 4088 -
1684 4038 1781 4108 Hono
1801 4037 1877 4106 leot.
1900 4049 2001 4108 (teste
2015 4039 2078 4107 Ed.
2094 4041 2139 4113 l.)

423 4145 522 4211 »dun
551 4153 686 4209 tractata
722 4141 888 4227 qnando.”
918 4149 982 4217 (ex
1008 4139 1086 4206 leot.
1114 4135 1250 4210 Mediol.
1318 4151 1436 4208 nautor
1457 4139 1510 4208 itt.
1528 4140 1557 4207 1.
1578 4140 1610 4207 b.
1629 4141 1650 4208 l.
1670 4145 1863 4210 servavisse
1883 4141 2022 4208 videtur.
2046 4141 2095 4216 (Ι.
2110 4141 2141 4208 t.

375 4267 407 4318 to
425 4247 522 4312 ”darn
535 4253 655 4310 onorat
668 4244 744 4332 qti.”
762 4279 803 4292 -
817 4241 863 4309 al.
879 4241 1071 4308 „rinmuxat
1085 4242 1251 4328 quando.’'
1321 4250 1401 4319 om.)
1417 4277 1458 4292 —
1472 4242 1524 4310 itt
1539 4247 1573 4310 2.
1585 4241 1839 4310 „Parisiensis”

422 4348 572 4418 Norimb.
587 4381 629 4396 -
644 4345 742 4410 „dnm
756 4353 890 4426 tranant,
905 4344 1027 4430 qood.”
1041 4341 1252 4412 fraatooli-
1361 4341 1422 4417 30)
1465 4353 1603 4428 stupeat.
1618 4393 1626 4409 .
1642 4355 1740 4426 peto.
1764 4381 1806 4393 -
1837 4345 1889 4414 Rl'.
1906 4345 1934 4412 l.
1957 4357 2012 4412 set
2028 4348 2062 4414 in
2084 4369 2140 4434 ap.

423 4449 498 4514 Vid.
514 4445 671 4532 praeced.
685 4445 716 4510 b.
732 4457 753 4511 t.
769 4443 801 4532 §.
815 4445 847 4511 o.
865 4446 1034 4531 sequitur,
1047 4446 1203 4531 wando.)
1220 4454 1253 4512 et
1320 4441 1531 4527 spoliationis
1550 4447 1771 4514 testimoninm
1788 4459 1896 4532 apost.
1910 4451 2071 4515 instanter
2084 4471 2140 4536 pe·

423 4553 457 4620 in
471 4571 503 4616 v.
518 4551 632 4618 dioont
644 4547 684 4614 T.
699 4547 773 4613 nobi
787 4548 921 4632 supra.”
1320 4547 1402 4611 ato.’'
1417 4579 1459 4596 -·
1473 4543 1527 4614 Rs.
1541 4547 1571 4612 9.
1589 4557 1644 4613 net
1657 4559 1764 4632 apost.
1777 4561 1857 4634 peto
1868 4551 2060 4616 instanter.”
2184 4553 2189 4560 '

467 4653 526 4734 97)
569 4648 623 4730 cs.
638 4651 744 4715 Gtorr,
761 4649 795 4716 ia
808 4668 841 4715 v.
856 4649 918 4716 sed
933 4649 963 4715 si
978 4649 1067 4733 apud
1081 4657 1167 4715 aeta.
1404 4645 1466 4714 Ed.
1481 4646 1513 4714 3.
1527 4649 1603 4713 add.
1618 4649 1681 4716 nx.
1696 4651 1740 4718 de
1753 4651 1876 4737 appell.
1890 4671 1922 4718 o.
1937 4663 2014 4736 post
2028 4653 2142 4738 appel·

378 4771 410 4822 15
471 4753 530 4837 98)
572 4761 605 4816 et
618 4754 691 4816 Cart
713 4753 753 4814 de
773 4773 844 4834 app.
867 4755 887 4813 t.
907 4755 1014 4829 titiant.
1034 4750 1116 4828 ..5.
1131 4755 1162 4812 ar·
1174 4753 1254 4832 prata.
1308 4747 1511 4816 mintionem.
1525 4748 1613 4835 5.1.”
1627 4749 1765 4819 Vitiosa.
1780 4753 1849 4819 Sed
1865 4753 1899 4818 in
1913 4773 2018 4839 marg.
2032 4753 2141 4841 aliquo

426 4855 479 4925 Rs.
497 4854 525 4919 1.
541 4851 573 4917 9.
589 4873 653 4919 οιη.
683 4851 806 4918 Partim
820 4851 968 4916 servavit
982 4854 1114 4914 mirans
1129 4846 1152 4914 l.
1166 4848 1188 4916 l.
1322 4847 1623 4935 adscriptofuerint
1635 4853 1737 4920 baso:
1753 4851 1826 4920 »De
1834 4854 2013 4942 apostolis:
2025 4877 2054 4922 o.
2063 4868 2141 4940 post

511 4953 555 5020 M.
570 4953 602 5026 9.
618 4953 691 5020 add.
718 4955 778 5020 ”Et
798 4963 894 5032 uota,
925 4952 1012 5036 quod
1038 4949 1067 5014 si
1090 4951 1165 5035 quis
1178 4953 1255 5038 pro·
1324 4951 1632 5038 „appellationem”
1647 4977 1677 5022 o.
1691 4954 1743 5020 31.
1759 4954 1798 5020 G.
1812 4956 1845 5022 9.
1860 4977 1891 5044 q.
1906 4957 1938 5022 s.

427 5068 518 5140 apter
531 5058 653 5123 iustum
668 5067 788 5124 motum
805 5053 954 5119 omiserit
967 5049 1158 5136 appellare,
1177 5073 1254 5136 per·
1365 5053 1425 5139 31)
1469 5053 1667 5122 Οἱύηναηι
1684 5054 1706 5121 l.
1721 5055 1743 5122 l.
1758 5065 1826 5123 not.
1840 5057 1893 5124 99.
1907 5055 1981 5125 ius.

429 5159 525 5226 „iada
540 5170 610 5240 est,
625 5179 666 5224 ao
681 5158 711 5223 st
726 5154 952 5240 appellasset,
976 5154 1155 5221 dnmmodo
1169 5152 1255 5220 infra
1364 5155 1424 5242 39)
1464 5164 1616 5223 drumm
1629 5161 1758 5242 morbi.
1782 5195 1825 5210 -
1852 5157 1915 5226 lid.
1928 5160 1960 5226 9.
1971 5157 2005 5230 3.
2020 5161 2053 5230 t.
2074 5179 2143 5228 rso.

380 5279 412 5328 to
433 5271 602 5345 ntempns,
631 5258 722 5346 qnod
746 5258 811 5323 sibi
840 5258 995 5342 competit
1020 5255 1063 5324 ati
1085 5255 1254 5340 appellan-
1323 5268 1458 5327 neonus
1471 5259 1590 5346 qnos.”
2088 5253 2091 5258 ’
