4824 5968
494 563 564 652 (De
578 563 726 632 testibus.
756 561 948 630 Corollaria.
977 561 1006 650 §.
1025 564 1074 630 ll.
1105 565 1154 632 12.
1196 564 1251 632 Dc
1265 563 1331 631 lide
1345 563 1486 630 testibus
1500 560 1665 676 habenda.
1695 559 1723 648 §.
1740 560 1812 646 13.)
1973 563 2014 628 71

293 757 418 831 endam
445 755 628 830 veritatem
655 755 840 828 tormentis
866 751 1059 848 subiicere,
1087 764 1130 826 ut
1152 753 1235 847 llig-
1261 777 1293 826 e.
1317 749 1425 848 m,
1450 747 1487 826 5.
1511 748 1587 826 12.
1614 763 1651 826 et
1674 751 1762 826 cod.
1778 777 1809 826 e.
1823 748 1897 844 td,
1912 746 2014 824 tol.

293 858 442 932 nullum.
457 855 517 930 ld.
545 857 599 954 (in
627 853 691 956 i.);
724 851 792 928 nisi
818 857 890 929 sint
917 854 1135 956 presbyteri,
1167 854 1231 953 qui
1261 855 1347 928 citro
1375 856 1592 954 quaestionis
1615 855 1778 928 iniurium
1805 850 1938 927 debent
1963 863 2015 926 te·

293 961 494 1036 stimonium
521 959 624 1032 ferre.
652 971 694 1032 ut
714 959 803 1031 Cod.
828 958 872 1032 de
895 961 1003 1055 episc.
1029 969 1066 1031 et
1091 957 1174 1029 eler.
1187 951 1224 1049 1,
1252 953 1290 1028 5.
1316 956 1341 1029 l.
1367 957 1578 1058 presbyteri.
1593 952 1629 1028 8.

395 1060 491 1134 Illud
518 1085 663 1158 quoque
682 1060 863 1134 sciendum
890 1072 967 1154 est,
1006 1058 1105 1233 quod
1139 1056 1247 1130 iudex
1277 1069 1399 1158 potest
1431 1063 1610 1132 reli-enare
1642 1057 1786 1131 testium
1818 1055 2013 1129 multitudi-

292 1189 394 1257 nem,
423 1176 464 1235 nt
488 1164 569 1257 big.
595 1187 625 1234 e.
653 1159 755 1255 tffl,
782 1159 818 1234 5.
845 1162 869 1233 l.
887 1158 920 1234 1.
948 1161 999 1262 (5.
1038 1169 1082 1256 .);
1110 1159 1206 1260 quod
1232 1161 1284 1234 sic
1308 1171 1365 1234 est
1387 1160 1671 1256 intelligendum,
1698 1170 1757 1253 ut,
1777 1161 1808 1232 si
1832 1159 1906 1232 dati
1929 1171 2047 1231 sunts

292 1277 401 1340 testes
427 1264 496 1337 duo
522 1264 579 1338 vel
604 1275 677 1336 tres
704 1290 811 1362 super
835 1291 906 1338 uno
933 1263 1109 1361 capitulo,
1147 1261 1209 1335 ubi
1235 1262 1359 1356 alege
1389 1275 1510 1338 certus
1541 1286 1708 1336 numerus
1742 1286 1815 1334 non
1841 1261 2013 1351 adiicitur,

293 1381 330 1440 et
355 1365 488 1460 adbuc,
515 1367 575 1466 qui
602 1368 774 1438 rationem
800 1365 919 1441 dicant
941 1379 980 1441 et
1003 1361 1157 1463 probent
1174 1363 1229 1463 ⁰),
1261 1364 1410 1439 totidem
1439 1365 1729 1458 introducantur,
1761 1373 1798 1438 et
1821 1363 1908 1436 velit
1932 1387 2014 1460 pers

292 1469 421 1542 iterum
445 1469 568 1566 plnres
592 1469 637 1540 ad
662 1467 754 1542 idem
788 1465 1015 1566 probandum
1046 1465 1291 1560 introducere,
1331 1477 1429 1540 recte
1460 1479 1546 1542 tnnc
1578 1465 1686 1540 iudex
1712 1462 1905 1538 refrenabit
1929 1489 2013 1562 pro·

213 1586 220 1598 ·
292 1571 495 1646 ductionem
528 1595 663 1644 corum.
728 1572 981 1644 Verumtamen
1021 1595 1103 1642 raro
1137 1568 1216 1640 vidi·
1242 1569 1373 1642 iactam
1414 1570 1558 1642 testium
1595 1567 1885 1661 refrenationem
1929 1569 2013 1657 imo,

227 1697 229 1702 ’
292 1686 571 1773 quotuscumque
585 1673 632 1764 ιο)
660 1672 787 1747 volunt
811 1671 897 1745 dare
923 1683 1063 1770 partes,
1095 1669 1230 1744 iudices
1256 1672 1443 1769 recipiunt.
2032 1690 2065 1740 ro

394 1777 441 1848 Et
464 1784 550 1872 post
571 1773 663 1848 baec·
692 1774 910 1872 compellunt
934 1788 1056 1872 partes
1084 1772 1128 1845 ad
1155 1773 1448 1868 renunciandum,
1484 1784 1521 1847 et
1546 1774 1598 1848 sie
1623 1769 1807 1870 publicant
1831 1783 1867 1844 et
1891 1770 2015 1864 legunt
2072 1815 2074 1830 ι

293 1890 444 1975 utraque
469 1887 570 1973 parte
596 1887 781 1973 praesente
807 1878 947 1950 testium
966 1876 1222 1974 depositiones,
1249 1887 1284 1948 et
1306 1874 1468 1974 pertibus
1491 1877 1536 1950 ed
1559 1873 1828 1973 exemplandum
1852 1869 2015 1944 tribuunt

291 2005 357 2079 per
382 1977 573 2050 advocatos
598 1978 655 2051 vel
682 2004 747 2077 per
774 1977 897 2052 tidelm
916 1982 961 2071 ιι)
989 1977 1209 2052 tabelliones.

395 2082 485 2153 ltem
513 2092 551 2152 et
576 2091 729 2152 extunc
754 2079 958 2154 conceditur
984 2078 1164 2178 partibus,
1192 2091 1251 2174 ut,
1284 2081 1315 2152 si
1340 2078 1492 2152 viderint
1517 2079 1701 2175 expedire,
1736 2103 1832 2150 suoo¹
1848 2074 2015 2148 inducant

293 2194 404 2258 testes
428 2181 473 2254 ed
498 2179 742 2279 reprobandos
767 2193 877 2257 testes
903 2185 1015 2281 partis
1038 2182 1230 2273 adversae,
1263 2181 1342 2276 vel,
1369 2183 1400 2253 si
1425 2205 1519 2278 opus
1545 2181 1676 2272 luerit,
1702 2179 1747 2252 ad
1773 2179 2065 2258 confirmatio-15

291 2311 371 2360 ncm
395 2285 629 2356 attestationis
656 2309 801 2357 suorum
827 2285 987 2377 testium,
1014 2296 1055 2357 ut
1079 2285 1242 2380 superius
1269 2295 1325 2358 est
1349 2283 1540 2376 diligenter
1563 2281 1776 2379 expositum.
1792 2283 1839 2371 12)

393 2384 430 2485 5.
480 2386 571 2459 Post
603 2385 693 2460 baec
726 2386 868 2486 quidem
898 2388 1128 2459 instrumenta
1162 2385 1405 2483 producuntur
1432 2383 1659 2482 apartibus,
1698 2383 1729 2454 si
1759 2380 1893 2454 babent
1923 2394 1960 2452 et
1985 2373 2040 2472 si§
2057 2368 2115 2445 Η·

294 2489 526 2584 cognoverint
549 2487 737 2586 expedire3
773 2512 865 2587 quae
897 2489 989 2586 parti
1022 2487 1191 2562 adversae
1220 2498 1304 2560 sunt
1336 2486 1491 2582 edenda,
1532 2497 1642 2574 prout
1668 2487 1830 2582 superius
1856 2484 2011 2556 contine·

293 2589 418 2687 tnr.1)
467 2590 515 2663 Et
537 2590 579 2662 tit
605 2615 649 2662 ex
674 2590 724 2664 eis
748 2590 950 2688 plenissima
977 2589 1163 2688 probatio,
1197 2593 1229 2662 si
1261 2589 1356 2662 aliud
1380 2616 1453 2664 non
1484 2589 1663 2688 impediat.
1715 2584 1855 2679 Quibus
1881 2585 1912 2656 si
1938 2587 2011 2656 l'ue·

291 2697 338 2768 rit
361 2691 495 2790 aliquid
517 2689 717 2785 obiectum,
743 2693 960 2790 permittitur
984 2684 1107 2782 alicui,
1134 2703 1258 2766 contra
1283 2690 1352 2765 boe
1378 2717 1469 2764 sues-
1486 2690 1716 2790 probationes
1740 2689 1878 2762 efferre.
2030 2711 2065 2764 eo

393 2792 627 2868 Postmodum
654 2819 765 2892 super
788 2791 842 2866 bis
867 2793 1031 2868 omuibus
1058 2795 1219 2893 seqnitur
1242 2795 1396 2892 partium
1416 2792 1582 2888 allegatio
1604 2805 1640 2866 et
1655 2791 1905 2866 advocatorum
1926 2785 2012 2860 sub·

291 2899 452 2974 tilissinra
476 2895 692 2994 disputatio,
726 2907 764 2970 ct
788 2921 897 2994 super
922 2894 1004 2970 binc
1031 2895 1113 2970 inde
1139 2895 1297 2970 obiectis·
1313 2896 1519 2993 responsio,
1552 2907 1605 2988 et,
1638 2919 1719 2966 cum
1745 2892 1800 2966 bis
1826 2893 1934 2966 fuerit
1958 2917 2013 2964 rea

292 3001 514 3092 nunciatum,
540 2996 749 3070 diffinitivus
777 2997 931 3072 calculus
958 3024 979 3070 ιι
1005 2998 1118 3072 iudice
1144 2998 1404 3096 promulgatur.

393 3099 429 3199 5.
449 3098 480 3197 ι)
531 3100 668 3172 Verum
692 3112 880 3198 antequam
903 3095 955 3174 ''de
980 3102 1151 3172 sententia
1181 3099 1366 3173 diffinitiva
1391 3099 1450 3172 bic
1474 3097 1604 3199 aliquid
1631 3099 1828 3190 inseretur,
1869 3080 2114 3182 adussi·§·13.
2251 3199 2255 3214 ¹

292 3229 388 3276 mum
414 3199 599 3276 dicendum
624 3200 796 3294 occurrit,
830 3213 872 3272 ut
895 3203 932 3272 iu
964 3201 1044 3274 loro
1072 3199 1291 3275 certantibus
1317 3200 1459 3301 plenior
1483 3212 1604 3298 pateat
1629 3201 1730 3298 copia
1752 3197 1956 3299 disputandi
1977 3211 2014 3272 ct
2030 3204 2064 3255 ²⁵

293 3303 470 3377 iudicibus
498 3300 640 3374 uberior
664 3302 838 3376 iudicandi
859 3315 1091 3400 praeparetur
1117 3303 1285 3395 facultas,
1323 3304 1452 3403 quibus
1479 3301 1632 3376 testibus
1657 3304 1773 3399 potius
1792 3301 1825 3398 ²)
1850 3303 1899 3373 sit
1924 3301 2012 3372 lides

292 3405 489 3481 adbibende
514 3402 572 3478 vel
597 3415 738 3502 quauta.
756 3402 789 3503 3)
842 3404 944 3478 Unde
965 3405 1166 3498 sciendum,
1199 3406 1295 3506 quod
1322 3419 1433 3479 testes
1459 3404 1670 3504 quaudoque
1698 3405 1942 3500 producuntur
1967 3401 2013 3474 ab

292 3535 362 3582 una
387 3521 524 3583 tantum
549 3517 673 3606 parte,
717 3505 931 3605 quandoque
956 3531 975 3577 a
1002 3506 1173 3600 diversis,
1214 3520 1250 3580 et
1283 3507 1345 3580 nbi
1379 3506 1425 3580 eb
1460 3533 1531 3578 una
1562 3507 1619 3580 vel
1654 3505 1700 3578 ab
1726 3519 1873 3605 utraque
1899 3517 2012 3604 parte,

292 3611 509 3711 quandoque
533 3606 770 3702 concordant,
797 3609 1011 3708 quandoque
1036 3609 1253 3682 discordant.

395 3713 465 3786 Ubi
491 3720 626 3783 tautum
651 3707 697 3781 ab
722 3736 792 3783 uua
817 3724 919 3808 perte
945 3709 1193 3807 producuntur
1220 3721 1350 3804 testea,
1378 3709 1549 3809 siquidem
1578 3709 1795 3784 concordant
1820 3722 1857 3782 et
1882 3709 2013 3803 negotii
2031 3713 2065 3762 et

293 3815 444 3913 qualitas
470 3824 506 3886 et
532 3811 657 3884 iudicis
682 3824 801 3885 motus
828 3839 907 3884 cum
934 3811 988 3884 bis
1015 3813 1253 3905 concurrerit,
1280 3811 1460 3911 sequenda
1487 3824 1571 3884 sunt
1598 3815 1712 3886 omnia
1739 3812 1948 3893 testimonie.
1974 3820 2013 3881 ut

293 3921 372 4010 big.
397 3915 442 3990 de
467 3911 587 3988 testib.
602 3909 665 4007 22,
689 3909 725 3986 5.
753 3913 777 3987 l.
804 3912 852 3988 ob
878 3911 1099 3987 coemendi.
1124 3913 1159 4013 5.
1187 3915 1253 3988 ult.
1306 3915 1345 3986 Si
1370 3941 1455 3991 vero
1481 3915 1551 3988 sibi
1578 3913 1751 3986 contraria
1772 3913 1903 4002 dicant,
1932 3911 2014 3984 lieet

294 4018 417 4114 imperi
442 4041 607 4110 numero,
646 4015 859 4090 credendum
885 4028 940 4089 est
967 4028 1124 4110 tantum,
1164 4017 1262 4118 quod
1292 4028 1441 4090 naturae
1475 4017 1661 4090 conveniat
1694 4015 1823 4108 negotii
1856 4027 1892 4086 ct
1918 4014 2012 4113 quod

334 4269 375 4344 9)
417 4274 658 4349 ammoneret.
674 4273 730 4332 dic.
746 4278 779 4332 et
793 4267 976 4352 prod-B.
992 4267 1120 4336 „adbuc
1232 4269 1269 4342 1)
1312 4267 1349 4332 Β.
1364 4265 1401 4331 Ρ.
1415 4268 1516 4333 inser.
1541 4267 1690 4343 „Quibus
1711 4267 1851 4333 testibus
1872 4266 1914 4330 sit
1928 4265 2013 4330 tides

293 4373 367 4456 aqui
380 4377 441 4436 roc
456 4359 548 4436 dicat
557 4382 590 4438 et
603 4359 750 4456 probe?
764 4405 807 4420 -
820 4371 855 4436 Ρ.
874 4372 938 4437 „ad
952 4369 1016 4436 hoc
1030 4373 1118 4457 quod
1188 4368 1397 4434 „adhibenda
1411 4367 1467 4434 vel
1480 4370 1575 4434 non.'¹
1585 4365 1681 4435 -Gi
1698 4381 1764 4434 not
1781 4369 1810 4434 l.
1825 4368 1868 4433 ad
1882 4365 1915 4431 b.
1929 4377 2011 4449 part

293 4473 423 4540 „dicam
436 4471 746 4556 approbent’'·-G.
766 4472 896 4541 „edbuc
909 4473 989 4559 quid
1008 4473 1119 4538 dicant
1188 4467 1208 4555 §
1231 4469 1261 4533 8

293 4595 390 4640 „cum
405 4574 595 4659 probatur?
1228 4571 1265 4655 Ρ)
1308 4577 1378 4651 qud
1402 4579 1616 4655 restopolim
1640 4575 1675 4637 Ρ.
1692 4573 1731 4636 G.
1742 4605 1780 4620 -·
1791 4571 1841 4636 Al.
1857 4581 1911 4633 net
1925 4573 2011 4654 quib.

336 4676 393 4761 10)
435 4685 670 4756 qsmtmeumoae
688 4675 727 4740 G.
742 4713 784 4726 -
801 4676 851 4741 Al.
864 4687 1118 4762 „quantoscmu
1187 4674 1332 4740 nestit?
1345 4673 1384 4740 B.
2031 4693 2042 4704 ·

293 4779 409 4864 „que”
423 4778 459 4843 B.
476 4814 518 4835 -.-
535 4781 881 4864 „qualiumcumque”
897 4779 934 4852 Ρ.
1101 4813 1110 4826 ·-
1228 4773 1266 4859 3)
1310 4779 1384 4842 ΡΜ.
1410 4799 1464 4862 qu.
1480 4777 1529 4842 76.
1559 4799 1622 4844 „an
1651 4777 1790 4842 testibus
1812 4778 1856 4844 sit
1873 4778 2012 4842 creden·

336 4880 393 4964 ll)
431 4877 593 4963 fideimB.
609 4913 649 4926 -
666 4874 770 4942 „uros
785 4879 902 4944 fidos.’‘
918 4879 1117 4946 P.-nclios
1187 4877 1293 4956 adum,
1310 4880 1365 4962 qui
1380 4881 1499 4945 dietum
1514 4877 1679 4946 affirmant
1696 4875 1820 4944 nullam
1834 4877 2011 4962 allegando

139 5009 145 5024 ·
293 4982 426 5047 usuosJ'
442 4980 482 5047 G.
1187 4979 1366 5046 „scientiae
1381 4984 1550 5048 camem.'’
1572 4977 1619 5046 ct
1643 4985 1687 5044 10.
1708 4982 1811 5044 Andr.
1835 4986 1881 5042 od
1901 4985 1938 5042 D.
1963 5003 2009 5062 ep.

335 5082 393 5165 12)
436 5081 487 5149 ct
514 5081 547 5149 b.
580 5094 666 5169 part.
696 5083 725 5170 §.
740 5083 772 5149 9.
802 5101 878 5168 pag.
893 5081 945 5150 67.
960 5105 1047 5150 vers.
1066 5083 1117 5149 18.
1185 5079 1241 5144 lib.
1257 5081 1285 5146 1.
1310 5104 1343 5166 p.
1358 5083 1389 5150 4.
1411 5087 1455 5152 tit
1478 5085 1520 5150 dc
1542 5094 1636 5150 teste.
1659 5081 1689 5168 5.
1706 5082 1734 5147 1.
1755 5101 1842 5148 ιιιιιιι.
1855 5081 1910 5148 60.
1931 5083 1966 5146 in
1981 5105 2009 5148 v.

293 5196 417 5273 etseq.‘
1187 5181 1317 5250 deboc·
2030 5215 2063 5263 ιο

337 5287 372 5369 1)
417 5285 558 5372 Cipart
569 5287 678 5374 153.
692 5307 767 5374 pag·
777 5285 922 5355 13.vers.
933 5285 980 5354 ll.
997 5297 1116 5370 etseq.
