4782 5960
394 565 458 638 334
973 557 1109 624 Gratiae
1124 556 1167 624 de
1181 555 1331 626 lustau.
1344 557 1416 668 ord.
1449 557 1490 624 P.
1504 557 1533 624 1.

396 753 527 861 tiqtior
552 752 724 851 praeponi
750 747 869 824 debet.
915 749 962 820 lit
985 746 1065 819 inde
1092 771 1165 820 non
1190 757 1395 822 contemnas
1420 750 1501 840 ista,
1528 748 1694 846 quoniam
1718 746 1866 845 praelati
1891 749 2005 822 nocui
2031 761 2118 822 tam·

395 864 495 964 poris
522 855 671 930 multura
696 856 733 926 in
759 849 893 924 talibus
922 849 1125 923 desiderant
1151 848 1338 944 bonorari,
1372 861 1410 924 ct
1437 852 1504 920 nisi
1530 848 1765 944 honorentur,
1792 850 2033 950 multipliciter
2057 851 2119 924 de·

395 967 598 1060 dignantur.
627 999 675 1012 -·
728 954 766 1026 Si
795 979 881 1026 reru
909 975 1031 1024 amnes
1060 951 1195 1026 suerint
1220 953 1399 1050 simplices
1427 953 1604 1044 canonici,
1647 963 1686 1024 ut
1713 953 1971 1051 praediximus,
2009 954 2118 1026 dicta·
2179 1033 2181 1046 ‚

395 1067 531 1142 torric
564 1057 752 1158 procedat:
781 1059 855 1150 „ab
884 1055 926 1128 ll.
952 1055 993 1126 C.
1022 1055 1089 1148 u,
1122 1056 1282 1128 canonici
1307 1056 1465 1148 Amant,
1494 1081 1513 1125 a
1538 1054 1622 1126 sede
1647 1056 1844 1152 apostolica
1868 1056 2001 1129 iudices
2025 1055 2120 1130 dele·

364 1169 521 1266 a,‚gnti‚
554 1163 683 1235 dilecto
709 1161 746 1232 in
771 1157 915 1232 Christo
941 1155 1095 1254 plebano
1123 1155 1240 1256 plebis
1266 1157 1346 1228 talis
1374 1157 1464 1250 loci,
1498 1183 1577 1229 euru
1604 1156 1792 1231 dilectione
1813 1157 1975 1230 salutem.
2027 1156 2120 1230 Seri-

396 1271 495 1370 „pait
520 1265 683 1340 dominus
710 1263 809 1359 Papa
834 1261 871 1332 in
897 1258 988 1331 bunc
1013 1260 1176 1331 modum:
1222 1261 1505 1352 „‚,luuoeeutius
1532 1261 1720 1356 episeopus
1745 1273 1812 1332 ete.
1892 1261 2047 1334 Veniens
2073 1259 2118 1332 ad

396 1368 687 1470 ,‚„praesentiam
714 1376 872 1438 nostram
899 1363 943 1434 G.
969 1361 1159 1461 presbyter
1192 1360 1292 1432 nobis
1326 1361 1577 1460 conquerendo
1614 1365 1842 1454 monstravit,
1882 1361 1979 1460 quod
2006 1363 2049 1435 B.
2074 1361 2121 1434 de

397 1472 581 1573 ‚222Potlin,
609 1465 810 1567 presbyter,
836 1464 1041 1561 etquidem
1069 1464 1129 1535 alii
1153 1465 1320 1536 dretinae
1347 1463 1519 1537 dioecesis
1553 1489 1663 1561 super
1689 1465 1766 1536 iure
1792 1464 1996 1561 parochiali,
2023 1464 2115 1538 deei-

397 1577 536 1676 „„mis,
568 1567 809 1645 oblationibus
835 1578 871 1639 et
897 1563 1005 1638 rebus
1032 1565 1111 1637 aliis
1137 1565 1347 1638 iniurientur
1372 1566 1502 1661 eidem,
1534 1566 1698 1665 quocirca
1723 1592 1836 1660 mnu,
1864 1592 1969 1666 qua,
2009 1568 2039 1638 si
2065 1577 2122 1638 est

349 1679 537 1777 10„‚,ita‚'
559 1669 721 1773 partibus
748 1669 972 1761 convocatis,
1006 1691 1149 1740 causam
1177 1666 1326 1740 audietis
1352 1680 1389 1741 et
1413 1693 1489 1740 eam
1514 1667 1585 1742 fine
1609 1669 1780 1742 caranico
1808 1669 2026 1760 terminatis,
2068 1669 2122 1742 la-

397 1782 606 1880 „„eientes,
647 1773 742 1872 quod
776 1771 1019 1864 decreveritis,
1062 1795 1126 1868 per
1156 1794 1340 1842 censuram
1372 1770 1666 1865 eeclesiasticam,
1706 1795 1789 1868 ¹app.
1826 1798 1934 1864 rem,
1974 1770 2122 1842 firmiter

395 1878 648 1982 „„observari.
699 1878 826 1947 Testes
853 1884 970 1944 autem
997 1883 1062 1946 eta.
1089 1873 1169 1944 ilat.
1197 1873 1315 1944 Later.
1349 1871 1486 1946 decimo
1512 1873 1587 1944 Cal.
1613 1875 1726 1965 lanu,
1753 1873 1981 1970 pontificatus
2008 1873 2121 1946 nostri

397 2008 548 2084 „„anuo
575 1975 765 2052 ‹lecimo.””
819 1975 990 2047 Veientes
1020 1974 1125 2069 igitur
1151 1973 1352 2046 mandatum
1379 1974 1616 2072 apostolicum
1642 1974 1794 2050 fideliter
1822 1974 2030 2071 adimplere,
2062 1999 2120 2046 ca·

399 2089 566 2185 „ritatem
591 2092 744 2154 vestram
769 2101 954 2150 monemus
981 2087 1017 2149 et
1046 2099 1232 2170 rogamus,
1267 2075 1625 2171 vobisnnetoritate,
1663 2102 1731 2176 qna
1760 2078 1961 2172 fungimur,
1996 2075 2120 2164 nibilu-

351 2215 382 2271 tt
400 2188 543 2289 „minus
570 2185 812 2276 iniungentea,
847 2203 928 2280 qua.
954 2179 1171 2276 praedictum
1196 2176 1446 2280 presbyterum
1472 2181 1516 2253 B.
1545 2191 1581 2252 et
1605 2205 1727 2252 omues
1753 2179 1861 2273 alios,
1888 2205 1981 2278 quos
2006 2178 2122 2250 dictus

400 2288 619 2390 „presbyter
641 2287 684 2357 G.
710 2283 853 2356 duxerit
875 2281 1126 2374 nominandos,
1154 2306 1199 2352 ex
1225 2292 1326 2377 parte
1353 2293 1474 2354 nostra
1497 2282 1607 2356 citare
1633 2283 1781 2375 curetis,
1804 2296 1845 2354 ut
1871 2282 2037 2375 vigesima
2064 2280 2123 2354 die

400 2404 512 2492 „post
540 2393 663 2460 barum
689 2385 1010 2484 praesentationem
1036 2407 1154 2456 coram
1188 2381 1291 2460 nobis
1322 2383 1360 2454 iu
1386 2384 1526 2456 civitate
1549 2386 1696 2458 Aretina
1722 2385 1817 2484 apud
1844 2383 2023 2457 ecclesiam
2048 2406 2122 2456 ma·

400 2498 539 2592 „iorem
566 2515 630 2587 per
655 2513 694 2559 se
720 2486 778 2560 rel
807 2497 1074 2584 procuratorem
1101 2484 1294 2578 legitimum
1325 2511 1365 2558 ae
1382 2478 1435 2590 7⁴)
1469 2498 1761 2583 repraesentent,
1801 2511 1908 2584 quem
1936 2486 2123 2558 terminum

401 2623 473 2694 „ex
509 2604 610 2692 parte
651 2601 773 2660 nostra
811 2587 1060 2685 peremtorias!
1101 2611 1167 2684 pru
1200 2585 1361 2660 omuibus
1396 2589 1523 2661 ceteris
1557 2590 1763 2686 assignetis,
1808 2587 1965 2685 alioquin
1997 2589 2121 2678 selant,

350 2709 385 2773 ιι
401 2697 525 2799 „quod
554 2697 590 2766 in
616 2714 722 2764 eausa
750 2693 847 2762 iuxta
876 2688 1038 2760 traditam
1066 2688 1168 2762 nobis
1195 2689 1365 2784 formam,
1405 2702 1577 2789 quantum
1602 2691 1648 2765 de
1672 2693 1749 2764 iura
1774 2692 1993 2789 poterimus,
2038 2713 2123 2788 prn-

429 2792 627 2874 cedemus.”

399 2849 426 2897 ’⁹
504 2896 609 2990 Quod
645 2904 762 2967 autem
788 2892 869 2964 talis
899 2894 946 2965 ιίι
978 2893 1092 2966 lnrma
1126 2891 1280 2966 iudicum
1315 2893 1559 2987 delegatorum
1594 2896 1631 2966 iu
1661 2895 1771 2970 literis
1803 2895 1994 2989 citatoriis,
2036 2895 2122 2968 satia

400 2999 576 3106 probatur
600 2996 691 3116 bene
717 3021 782 3093 per
807 2994 914 3117 multa
943 2995 1105 3132 iura„-
1157 2997 1203 3066 Et
1234 2995 1331 3092 quod
1366 2997 1471 3071 iudex
1500 2997 1683 3090 delegatus
1717 2999 1768 3070 sie
1801 2998 1916 3094 possit
1951 2999 2121 3095 incipere:

351 3219 385 3274 2.
400 3095 1157 3305 atttt'tigit.liitttttat}
1185 3109 1362 3296 §tuit
1385 3112 1644 3297 {tittttt
1664 3096 1822 3300 lil'n‘l
1837 3096 2123 3296 biblia?

400 3320 592 3410 praeterea.
609 3301 646 3376 2.
663 3299 711 3401 76)
746 3311 783 3375 et
811 3300 858 3372 de
892 3300 976 3376 dolo
1010 3314 1047 3376 et
1078 3314 1235 3374 contum.
1251 3299 1290 3396 2,
1308 3299 1368 3376 ll.
1399 3329 1430 3376 e.
1462 3303 1522 3376 liu.
1537 3304 1586 3403 ⁷⁷)
1614 3315 1651 3378 et
1678 3329 1750 3398 arg.
1778 3315 1853 3402 opt.
1879 3299 1967 3394 (7.,7.
1995 3329 2036 3402 qs
2058 3305 2122 3378 ult.

399 3437 430 3487 c.
444 3406 542 3506 l.⁷⁸)
567 3407 615 3480 Χ.
642 3406 685 3479 G.
712 3403 757 3477 de
781 3403 939 3476 conlirm.
965 3401 1181 3499 utiliffll).
1200 3427 1230 3478 e.
1245 3403 1382 3503 penult.
1396 3404 1502 3505 ⁷⁹)-··
1516 3407 1624 3497 Quod
1648 3418 1765 3478 autem
1790 3407 1906 3505 possit
1930 3404 2008 3478 dari
2034 3431 2122 3482 nnus

400 3512 571 3590 terminus
599 3508 831 3608 peremtorias
865 3529 931 3604 pro
946 3593 948 3600 Ι
966 3505 1129 3580 omuibus
1156 3510 1303 3600 ceteris,
1342 3505 1521 3606 probatur
1546 3511 1586 3582 C.
1604 3505 1666 3580 84.
1693 3534 1729 3607 q.
1742 3505 1781 3580 5.
1808 3534 1838 3580 c.
1865 3506 1912 3580 de
1936 3506 2070 3582 illicita.
2083 3509 2122 3585 6.

402 3611 453 3738 (s.
474 3611 523 3711 l.)
540 3608 598 3711 80)ι
631 3611 677 3682 Χ.
706 3611 748 3684 G.
775 3607 820 3680 de
846 3607 931 3681 dolo
960 3619 997 3682 ct
1023 3607 1228 3702 content,
1249 3607 1311 3682 ll.
1346 3637 1377 3682 e.
1412 3636 1494 3683 eum
1522 3610 1652 3684 dilecti.
1663 3607 1705 3682 6.Ι
1737 3619 1774 3682 et
1805 3635 1836 3684 e.
1869 3635 1948 3682 enm
1976 3611 2071 3684 olim.
2083 3611 2122 3686 7.

352 3715 579 3816 8⁰(rni.)⁸¹)
607 3723 698 3786 etc.
726 3709 933 3808 1682)-
984 3710 1087 3808 Quod
1113 3711 1247 3784 iudices
1270 3713 1308 3782 iu
1331 3712 1402 3786 line
1428 3712 1610 3786 literarum
1634 3712 1787 3786 debcant
1811 3712 2034 3806 comminari,
2070 3717 2123 3789 di·

402 3821 494 3894 citur
518 3820 565 3892 X.
591 3819 634 3890 G.
660 3813 705 3886 de
730 3812 879 3886 maiorit.
905 3822 941 3906 et
966 3812 1072 3887 obed.
1090 3810 1125 3907 l,
1140 3809 1205 3886 55.
1232 3839 1263 3886 ο.
1288 3812 1442 3888 bumilis.
1455 3812 1516 3888 17.
1528 3817 1578 3907 83)
1613 3827 1649 3888 et
1679 3815 1724 3886 de
1750 3823 1836 3887 rest.
1861 3814 1900 3885 in
1926 3813 1989 3887 int.
2004 3813 2041 3910 l,
2060 3815 2122 3890 dl.

402 3947 432 3996 e.
455 3945 535 3995 cum
561 3941 606 3992 ex
633 3911 818 3990 liceant.
836 3912 947 4012 (ini.)
981 3926 1017 3988 et
1052 3917 1088 3986 in
1121 3915 1308 4012 praealleg.
1342 3917 1512 3991 decretali
1547 3918 1593 3990 de
1626 3912 1850 4010 doanll.
1881 3939 1960 3991 enm
1993 3917 2123 4020 dilecti.

402 4021 438 4098 6.
473 4021 574 4122 quasi
606 4022 643 4093 in
675 4018 787 4117 princ.
805 4011 858 4121 84)
892 4055 945 4073 ·-
995 4017 1102 4108 Quod
1137 4031 1253 4091 autem
1284 4021 1443 4118 possint,
1480 4023 1552 4093 iuro
1585 4015 1739 4092 debeant
1773 4030 1906 4091 certum
1941 4019 2060 4095 locam
2089 4038 2124 4096 ct

1294 4288 1399 4358 literis
1420 4292 1463 4357 ed
1484 4309 1605 4375 papam
1628 4287 1762 4372 seriptis
1784 4287 1919 4370 petitum
1937 4307 2017 4354 ease
2031 4292 2123 4356 ride·

445 4391 503 4474 76)
546 4385 993 4476 q.1.c.1.-B.nq.e.l.”
1015 4418 1058 4437 -—
1086 4387 1227 4454 Verum·
1295 4403 1359 4459 tur.
1381 4391 1432 4460 Gt‘.
1448 4413 1522 4476 sup.
1539 4400 1604 4456 not.
1621 4388 1675 4454 75.

402 4503 514 4560 tamen
528 4510 572 4557 ex
586 4489 699 4555 verbis
715 4488 811 4573 epist.
821 4488 974 4574 Gregorii
988 4487 1032 4553 ed
1039 4488 1227 4555 Anatolium
1338 4493 1396 4577 79)
1440 4513 1511 4578 arg.
1534 4492 1627 4559 verb.
1650 4490 1713 4557 „ad
1737 4489 1896 4556 maiorem
1916 4493 1967 4557 rei
1989 4485 2123 4557 eviden-

405 4595 580 4663 diaconum
609 4591 765 4675 „scripsit
789 4589 866 4655 mibi
898 4601 955 4656 tue
983 4590 1114 4656 dilectio
1143 4591 1228 4656 eta.”
1297 4594 1396 4660 adam
1411 4595 1516 4660 literis
1531 4591 1790 4660 confirmationis
1801 4602 1898 4660 tenor
1911 4597 2123 4679 compositio·

371 4701 387 4752 ⁵
404 4701 551 4780 aptiorem
566 4713 636 4778 arg.
652 4691 684 4758 h.
701 4691 722 4758 1.
738 4689 826 4758 haud
842 4692 1022 4776 petendum
1039 4701 1102 4756 est.
1299 4695 1370 4760 anis
1385 4693 1630 4760 insertusete.'’
1654 4691 1780 4762 Honor.
1795 4694 1827 4763 3.

447 4795 505 4873 76)
550 4792 602 4861 cf.
618 4813 693 4880 sup.
708 4804 774 4860 not.
786 4791 839 4860 67.
1340 4794 1399 4879 80)
1444 4793 1496 4862 Gi.
1513 4813 1588 4878 sup.
1603 4805 1670 4860 net.
1685 4795 1740 4863 59.

447 4897 504 4981 77)
547 4895 641 4962 verb.
658 4925 687 4960 a.
702 4943 710 4960 .
725 4895 879 4961 dedimus
893 4895 926 4958 in
940 4893 1124 4973 mandatis,
1145 4904 1182 4957 ut
1340 4895 1399 4979 81)
1443 4917 1472 4961 e.
1489 4895 1521 4961 6.
1537 4899 1567 4962 7.
1582 4897 1690 4964 innoc.
1705 4896 1738 4962 3.

407 5001 623 5066 »auctoritate
642 5007 757 5063 nestra
775 5003 869 5060 tuctu
881 5001 1086 5076 praemissam
1097 4999 1231 5078 fonnem
1340 4995 1399 5080 87)
1443 4993 1495 5062 Cf.
1510 5019 1585 5084 sup.
1600 5011 1666 5064 unt.
1682 4999 1733 5063 77.

407 5113 460 5168 »ιι
473 5099 675 5186 peremtoria
690 5097 792 5163 citare
808 5094 1020 5179 procurent.”
1043 5093 1184 5181 Gregor.
1199 5095 1230 5162 9.
1340 5097 1403 5177 83)
1447 5097 1588 5187 Gregor.
1601 5101 1633 5167 9.

356 5211 389 5262 ιο
449 5201 507 5286 78)
551 5225 577 5267 a.
592 5204 621 5268 1.
651 5197 705 5280 (B.
724 5217 772 5263 ac.
794 5195 848 5260 fi.”
886 5194 957 5262 Sed
975 5193 1019 5262 ci.
1034 5199 1166 5262 Durum.
1183 5221 1229 5280 ιρ.
1340 5199 1400 5282 84)
1442 5199 1525 5286 Arg.
1540 5221 1584 5266 ex
1598 5203 1671 5269 istis
1685 5204 1827 5269 naxium
1835 5203 1959 5282 verbis,
1975 5220 2063 5290 qnae
2078 5206 2123 5282 (in

405 5303 460 5370 lib.
473 5303 506 5369 7.
520 5324 554 5387 p.
570 5301 600 5368 1.
615 5301 662 5368 tit.
677 5299 720 5364 da
733 5297 819 5364 eiua
835 5293 1017 5384 §.l-nuru.
1032 5299 1075 5378 7.)
1091 5298 1173 5386 Arg.
1189 5319 1232 5365 ex
1300 5314 1412 5370 atam
1435 5323 1478 5368 ex
1497 5302 1612 5372 literis
1635 5305 1715 5370 etin
1732 5325 1761 5371 o.
1782 5325 1858 5371 curn
1873 5304 2007 5387 dilecti.)
2023 5311 2056 5374 in
2071 5325 2124 5373 re·
