4782 5960
612 601 674 667 Tit.
690 600 721 667 3.
749 599 802 668 De
818 603 925 669 iudice
941 603 1106 669 adeundo.
1136 601 1167 690 ᾖ.
1182 604 1213 668 4.
1256 603 1318 668 Tit.
1332 604 1363 670 t.
1391 600 1446 668 De
1461 604 1692 671 citationibus..
1937 607 2000 674 327

376 791 443 866 llis
479 791 588 886 igitur
620 793 808 889 inspeetis,
851 795 879 864 si
913 793 1113 891 praedictae
1146 792 1269 866 literae
1302 804 1495 892 appareant
1525 795 1771 893 incorruptae,
1811 787 1930 871 statim
1953 798 1998 871 de

273 897 434 994 ipsarum
461 897 745 992 praesentatione
778 899 941 966 notarius*
971 898 1005 966 ia
1032 893 1098 967 bac
1124 897 1239 968 forma
1274 899 1437 970 conficiat
1473 898 1757 970 instrumentum.
1835 904 1903 992 „ln
1932 928 1997 974 uo·

274 1002 397 1094 „minc
420 998 574 1068 Domini.
610 1000 735 1068 Amen.
788 1002 893 1068 Anno
917 996 1058 1070 llomini
1087 997 1272 1069 millesimo
1308 1000 1546 1072 ducentesimo
1571 1013 1660 1093 ete,
1705 1001 1895 1076 indictione
1921 1003 1996 1094 tali,

273 1101 358 1196 „die
383 1099 465 1192 tali,
498 1092 746 1196 praesentibus
772 1099 917 1171 domino
943 1106 1008 1191 Α.,
1042 1099 1289 1172 archidiacono
1315 1104 1482 1191 Aretino,
1515 1112 1550 1172 et
1581 1104 1648 1195 lt,
1677 1093 1867 1197 canonico,
1895 1131 1997 1203 pres·
2083 1115 2086 1122 '

219 1297 224 1307 .
275 1201 408 1302 „byter
431 1201 494 1294 B„
521 1201 566 1272 de
594 1201 655 1272 tali
678 1200 771 1293 loco,
799 1201 920 1273 literas
948 1201 1159 1304 apostolicas
1188 1206 1425 1299 praesentavit
1452 1202 1641 1278 venerabili
1668 1206 1812 1278 domino
1839 1210 1904 1299 A„
1930 1209 2030 1280 licia

274 1305 415 1400 „gratia
444 1305 610 1400 episeopo
637 1305 800 1398 Aretiuo,
829 1331 979 1404 quarum
1007 1316 1111 1375 tenor
1138 1305 1219 1376 talis
1246 1319 1337 1378 erat:
1367 1307 1623 1399 „„Gregorius'
1642 1311 1842 1407 episcopus,
1869 1333 1992 1381 servus

274 1429 513 1501 „„serrorum
540 1406 606 1476 Dei
633 1405 749 1477 etc.””
793 1441 844 1458 ·-
886 1418 922 1479 et
953 1407 1085 1478 inserat
1118 1418 1231 1479 totum
1262 1409 1423 1508 rescripti
1450 1419 1607 1480 tenorem
1633 1409 1677 1482 de
1706 1410 1815 1482 verbo
1842 1410 1886 1481 ad
1912 1437 1991 1484 ver·

133 1565 136 1574 ,
275 1509 361 1582 bum
377 1509 412 1578 in
428 1509 660 1579 instrumento
676 1533 764 1601 suo;
790 1510 1059 1582 teucreinserto
1074 1517 1152 1580 toto
1173 1509 1359 1581 concludat
1385 1512 1422 1580 in
1450 1510 1518 1582 line
1545 1514 1702 1584 notarius
1731 1512 1868 1585 diceus:
1898 1539 1993 1606 „ego

273 1615 364 1706 „A.,
400 1608 624 1705 subscriptus
651 1613 827 1703 notarius,
865 1610 1064 1708 praedictae
1091 1613 1365 1707 praesentationi
1392 1613 1558 1703 interlui,
1595 1626 1630 1686 et
1657 1617 1733 1698 veni
1759 1616 1804 1688 do
1830 1615 1995 1688 mandato

272 1712 423 1808 „iudicis
449 1712 641 1810 praedicti,
682 1713 751 1784 ista
782 1713 910 1810 scripsi
943 1723 979 1784 et
1005 1713 1042 1784 ia
1068 1711 1244 1809 publicam
1274 1715 1422 1786 formam
1449 1713 1578 1808 redegi.
1604 1718 1736 1788 Actum
1763 1719 1798 1788 in
1825 1718 1888 1790 tali
1913 1717 1994 1790 loco
2013 1748 2045 1801 ιο

273 1815 393 1909 „etc”
1080 1885 1085 1898 ,

374 1915 445 1987 Sed
475 1914 633 2008 videtur,
675 1915 770 2014 quod
803 1916 852 1987 nil
880 1915 1039 1987 utilitatis
1072 1918 1119 1988 sit
1147 1919 1182 1988 in
1210 1917 1276 1990 ista
1302 1919 1523 1991 coniectione
1549 1919 1791 2012 instrumenti,
1834 1945 1913 1993 cum
1938 1945 1995 1995 re·

272 2020 442 2118 scriptum
467 2018 638 2110 integrum
665 2029 701 2089 et
725 2019 967 2116 incorruptum
995 2042 1137 2116 semper
1162 2045 1331 2118 apparere
1357 2018 1506 2112 debeat,
1543 2021 1700 2118 alioquin
1726 2023 1823 2093 nulla
1849 2025 1915 2095 erit
1941 2027 1994 2096 iu·

273 2122 431 2194 risdictio
456 2119 619 2212 delegati,
647 2145 721 2212 arg.
750 2121 797 2192 X.
823 2123 865 2193 G.
892 2121 936 2193 de
960 2145 1068 2214 reser.
1086 2120 1121 2214 l,
1137 2117 1175 2191 5.
1203 2147 1232 2193 c.
1261 2149 1348 2194 cuna
1368 2121 1628 2216 contingerat.
1644 2115 1696 2224 ⁵⁰)
1724 2125 1768 2196 de
1795 2124 1855 2196 ott.
1880 2125 1994 2220 deleg.

275 2223 310 2318 l,
325 2221 386 2295 29.
414 2247 444 2292 c.
472 2247 550 2293 cum
577 2223 613 2291 iu
637 2223 712 2293 iare
738 2225 885 2320 peritus.
898 2219 960 2294 51.
977 2224 1047 2316 ⁵¹),
1086 2224 1166 2321 quia
1192 2249 1300 2317 ergo,
1343 2225 1440 2323 quod
1475 2225 1611 2296 ratione
1639 2235 1754 2318 earet,
1794 2228 2044 2324 exstirpante

272 2326 356 2398 dum
391 2334 445 2396 est
479 2321 609 2420 erata)
645 2335 685 2395 ut
721 2322 888 2398 Distllss.
926 2351 955 2396 c.
987 2321 1241 2424 chorepiscopi.
1259 2325 1295 2397 5.
1323 2324 1381 2425 (3.
1399 2323 1459 2418 l.)
1514 2324 1748 2424 Respondeo,
1784 2352 1863 2399 non
1889 2341 1990 2402 earet

273 2429 445 2520 utilitate,
483 2427 565 2523 quia
591 2428 826 2522 praesentatio
853 2427 1034 2498 literarum
1061 2439 1113 2499 est
1142 2426 1187 2500 de
1217 2453 1389 2525 processu
1416 2429 1552 2522 iudicii,
1590 2454 1676 2524 ergo
1703 2430 1902 2502 necessario
1925 2455 1994 2528 per

272 2557 412 2603 manum
441 2527 620 2623 publicam
647 2539 701 2600 est
727 2529 915 2622 redigenda
940 2531 976 2600 in
1004 2531 1168 2627 scriptis,
1209 2531 1292 2628 quia
1323 2533 1353 2602 si
1379 2531 1424 2603 de
1450 2557 1489 2604 ea
1516 2544 1745 2604 revocaretur
1772 2532 1813 2604 iu
1833 2531 1990 2626 dubium,

272 2633 377 2706 iudici
402 2656 474 2702 non
502 2628 672 2702 credetur.
725 2631 921 2703 Conficitur
948 2657 1034 2724 ergo
1060 2633 1106 2704 de
1134 2658 1174 2703 ea
1202 2645 1237 2705 et
1262 2635 1402 2726 ceteris,
1430 2635 1579 2734 quaein
1606 2657 1709 2705 cama
1734 2633 1845 2726 liunt,
1872 2633 1992 2732 publi·

272 2761 353 2808 eum
378 2736 671 2825 instrumentum,
698 2734 755 2805 vcl
781 2735 917 2806 inacta
944 2731 1084 2832 publica
1113 2735 1336 2829 redigantur,
1363 2747 1403 2807 ut
1431 2738 1562 2808 sciatur
1588 2735 1633 2807 do
1659 2735 1715 2806 die
1737 2738 1990 2834 praesentatio·
2008 2753 2043 2806 2⁰

272 2840 347 2927 nis,
387 2847 440 2927 et,
479 2836 509 2904 si
541 2835 762 2905 adversarius
797 2847 1058 2934 praesentasset
1090 2861 1170 2907 suas
1203 2837 1322 2910 literas
1351 2848 1387 2910 et
1412 2847 1557 2932 negaret
1585 2838 1722 2909 actoris·
1742 2837 1862 2910 literas
1889 2863 1991 2935 prae·

272 2939 436 3028 cessisse,
463 2947 586 3032 posset
608 2937 691 3007 sciri
719 2963 781 3034 pcr
806 2951 883 3010 acta
909 2939 966 3010 vel
995 2963 1057 3036 per
1078 2938 1259 3035 publicum
1284 2943 1574 3032 instrumentum,
1606 2963 1693 3038 quac
1717 2940 1830 3035 primo
1860 2939 1993 3013 suerint

274 3048 525 3139 praesentatae.
569 3039 649 3108 lloe
677 3049 789 3109 totum
816 3038 925 3111 babes
944 3042 990 3111 X.
1014 3042 1056 3111 G.
1078 3040 1122 3111 de
1139 3041 1279 3138 probat.
1307 3067 1337 3113 c.
1366 3043 1533 3140 quoniam
1559 3053 1681 3112 contra
1711 3041 1847 3112 salsam.
1868 3038 1927 3113 ll.
1942 3043 1991 3133 53)

272 3143 339 3214 Est
354 3138 468 3211 etalio
484 3139 575 3208 ratio
594 3141 745 3234 optima,
772 3167 880 3238 qnare
895 3141 1082 3214 coniicitur
1097 3143 1381 3235 instrumentum,
1408 3145 1530 3214 namsi
1549 3144 1758 3240 rescriptum
1773 3143 1991 3240 perderetur,

272 3269 338 3342 per
353 3243 421 3314 tale
434 3243 706 3313 instrumentum
719 3243 1153 3341 probareturrescriptum
1173 3245 1451 3344 facilius,qnnm
1469 3271 1533 3344 per
1547 3256 1680 3336 testes,
1701 3255 1754 3337 et,
1774 3245 1803 3315 si
1820 3245 1990 3341 probare·
2008 3254 2041 3308 ²5

272 3360 332 3420 tur
346 3356 470 3442 postea
487 3345 629 3415 amissio
645 3345 820 3442 rescripti,
835 3349 1026 3443 praemisso
1047 3359 1169 3418 tenore
1185 3360 1308 3444 posset
1324 3348 1467 3445 procedi
1481 3351 1516 3418 in
1532 3373 1649 3437 causa,
1665 3357 1700 3418 et
1716 3346 1804 3418 illud
1822 3349 1990 3419 transcri·

271 3461 370 3548 ptum
389 3448 522 3518 laceret
537 3445 655 3538 tidem,
685 3471 762 3518 cum
778 3448 907 3520 iactum
923 3449 1031 3520 luerit
1045 3473 1111 3546 per
1125 3473 1261 3520 manum
1279 3449 1457 3545 publicam
1473 3461 1508 3522 et
1528 3449 1651 3520 iudicis
1666 3449 1878 3522 auctoritate
1894 3461 1990 3520 tran·

271 3552 453 3647 scriptum.
506 3544 687 3621 Probatur
711 3547 777 3621 boc
802 3551 848 3621 X.
876 3552 918 3624 G.
946 3551 991 3622 de
1016 3550 1177 3648 privileg.
1193 3547 1232 3644 ὅ,
1245 3550 1309 3622 55.
1344 3579 1373 3624 c.
1402 3579 1481 3624 cum
1508 3552 1603 3623 olim.
1617 3543 1746 3651 125⁴)
1774 3561 1810 3624 et
1835 3551 1880 3623 dc
1903 3550 1991 3623 fide·

271 3656 355 3724 iuss.
368 3649 408 3742 5,
420 3647 482 3720 29.
514 3675 545 3721 c.
575 3649 793 3746 pervenit&
812 3651 862 3750 ⁵⁵)
942 3654 1090 3724 Contra:
1130 3653 1174 3724 dc
1204 3653 1274 3724 lide
1300 3650 1589 3746 instrumdffl.
1618 3677 1647 3726 e.
1667 3649 1784 3750 bii),
1821 3652 1886 3724 sed
1922 3653 1990 3726 iam

270 3755 427 3827 solutum
454 3763 526 3844 est,
565 3753 598 3822 si
630 3755 815 3849 superiora
841 3751 949 3826 verba
975 3755 1178 3853 inspexisti,
1212 3758 1293 3854 qnia
1324 3781 1396 3828 non
1429 3758 1514 3829 lacit
1547 3756 1798 3852 transcriptum
1824 3755 1988 3851 rescripti
2007 3756 2040 3810 ³⁰

269 3856 393 3947 iidem,
439 3853 582 3950 qnando
613 3879 679 3950 per
710 3855 826 3930 solum
862 3857 1038 3929 notarium
1068 3869 1103 3929 et
1129 3881 1200 3929 non
1229 3859 1353 3931 iudicis
1381 3861 1590 3932 auctoritate
1615 3857 1749 3929 l'actum
1777 3855 1846 3927 fuit
1870 3854 1987 3954 publi·

270 3984 350 4031 cum
376 3959 658 4029 instrumentum.

960 4141 1012 4206 De
1028 4141 1244 4210 citationibus.
1268 4146 1298 4227 ¹)
1990 4111 2077 4190 Tda

370 4261 543 4354 Quoniam
578 4272 699 4332 actore
731 4285 770 4333 so
805 4288 922 4336 coram
950 4265 1060 4338 indice
1093 4277 1337 4364 praesentante
1362 4289 1403 4336 ac
1429 4263 1473 4338 de
1498 4289 1564 4336 suo
1590 4261 1792 4338 adversum
1819 4261 1889 4336 sibi
1916 4261 1990 4334 lieri

309 4615 367 4694 50)
410 4615 521 4680 lanae.
528 4613 559 4678 3.
576 4611 626 4678 ct.
641 4614 746 4677 Glorr.
762 4613 794 4680 iu
810 4635 841 4680 v.
857 4621 1094 4703 praecipimus.
1163 4620 1235 4685 siue
1251 4617 1524 4703 reprehensione.

309 4718 368 4799 at)
411 4717 567 4784 lnuoc.3.
584 4715 635 4782 Cf.
657 4715 761 4779 Glorr.
786 4719 864 4783 inv.
882 4735 1092 4801 superman·
1203 4721 1264 4798 55)
1308 4721 1399 4785 Luci.
1414 4717 1444 4786 3.
1465 4717 1515 4786 Cf.
1533 4721 1636 4786 otor.
1661 4725 1692 4789 iu
1707 4748 1738 4793 v.
1754 4731 1872 4816 sigillo.

269 4823 353 4887 doto.
1202 4823 1261 4905 56)
1304 4821 1442 4908 Gregor.
1458 4821 1504 4886 Μ.

308 4921 367 5003 52)
409 4928 463 4985 etr.
494 4918 546 5000 (Β.
563 4925 640 4996 οιιι.)
664 4919 806 4986 addend.
835 4933 972 5008 propter
994 4945 1089 5008 proc·
1245 4929 1378 4989 thorat.
1392 4947 1439 5005 rp-
1455 4923 1544 4992 liba.
1566 4925 1634 5009 pl.
1649 4929 1693 4992 a'r.
1710 4931 1752 4997 de
1767 4953 1871 5000 rescr.
1889 4953 1985 5018 proe-

268 5027 340 5090 ced.
356 5047 387 5090 v.
404 5021 533 5108 „qaia”
1159 5035 1275 5089 sentat.
1299 5025 1330 5114 §.
1348 5026 1374 5091 l.
1404 5047 1491 5090 uuna.
1506 5025 1537 5090 4.
1567 5027 1753 5099 »obiicitura
1783 5035 1984 5120 rescriptum
2004 5036 2020 5086 5

309 5125 366 5202 53)
410 5125 486 5190 Vid.
502 5144 575 5209 sap.
592 5143 669 5208 pag.
685 5123 758 5190 325.
774 5144 862 5190 vers.
878 5123 908 5189 8.
1160 5127 1336 5210 ”originale
1352 5129 1513 5212 integrum
1530 5127 1627 5193 debet
1653 5153 1817 5221 apparere
1834 5184 1843 5201 .
1858 5185 1867 5200 .
1883 5139 1923 5204 X.
1947 5137 1988 5204 G.

308 5227 365 5302 54)
409 5225 553 5292 lanoo.3.
571 5263 608 5273 -
626 5227 703 5312 Arg.
721 5227 762 5292 ad
779 5225 998 5293 difficiliorem
1015 5247 1090 5311 pro·
1160 5229 1222 5292 „ale
1238 5229 1302 5294 tiae
1319 5231 1411 5294 instr.
1427 5253 1455 5294 e.
1474 5229 1522 5294 l.”

265 5330 428 5395 bationem
458 5329 670 5395 referendum
699 5337 761 5395 est.
800 5329 852 5394 cf.
877 5329 981 5394 orosa.
1006 5329 1038 5392 in
1058 5350 1094 5393 v.
1204 5331 1238 5413 l)
1282 5331 1329 5395 lta
1345 5344 1457 5398 auster
1471 5345 1554 5416 part.
1570 5335 1600 5402 2.
1625 5341 1668 5403 tit.
1686 5339 1717 5406 4.
1741 5361 1828 5408 vers.
1848 5343 1984 5426 primae.
