4786 5962
374 571 416 632 ot
950 561 1034 626 Pttlit
1065 563 1105 626 dc
1137 563 1207 628 ord.
1236 561 1385 627 iudicior.
1429 559 1466 626 Ρ.
1482 559 1512 626 3.

375 759 420 830 de
452 753 570 829 testib.
591 749 654 846 11,
683 749 718 826 5.
751 753 774 826 l.
804 753 896 826 servi
929 777 1116 851 responso.
1138 747 1174 824 7.
1201 765 1237 825 et
1263 775 1337 846 arg.
1361 752 1443 846 big.
1478 749 1524 824 de
1549 776 1588 824 rc
1614 751 1755 825 militar.
1774 747 1838 846 49,
1867 747 1926 826 16.
1963 751 1987 826 l.
2028 777 2101 826 non

377 883 510 932 omnes.
526 853 562 928 5.
589 856 625 955 5.
652 881 672 926 a
697 853 870 930 barbaria.
887 851 924 928 6.
951 867 987 927 et
1012 853 1099 928 Cod.
1126 852 1254 928 dclid.
1280 855 1442 926 instrum.
1458 849 1498 948 1,
1522 847 1586 928 11.
1615 851 1640 925 l.
1671 853 1733 926 ult.
1757 849 1818 926 11.
1855 867 1891 927 et
1917 881 1990 950 arg.
2019 856 2100 946 llig.

377 964 421 1034 de
446 957 520 1034 reb.
546 970 679 1030 auctor.
707 957 776 1030 iud.
804 957 938 1055 possid
957 953 1021 1048 11,
1046 952 1082 1026 5.
1117 955 1141 1028 l.
1170 953 1236 1028 ult.
1256 957 1305 1054 ²⁷)
1336 952 1411 1047 (15.
1437 951 1544 1054 51.)
1579 968 1615 1028 et
1639 954 1718 1050 big.
1748 955 1792 1027 dc
1817 953 1972 1030 noxalib.
1996 953 2034 1049 9,
2061 954 2098 1027 d.

378 1066 400 1134 Ι.
431 1062 607 1162 quotiens.
620 1057 680 1132 11.
711 1057 747 1158 5.
772 1072 926 1158 praetor.
938 1053 991 1152 1,,
1017 1056 1080 1130 sed
1101 1058 1186 1150 boc,
1213 1059 1245 1130 si
1269 1069 1474 1149 argumenta
1502 1057 1559 1130 vel
1583 1055 1709 1130 indicia
1736 1058 1808 1150 rei,
1835 1059 1880 1132 de
1904 1079 1975 1156 qna
1994 1083 2100 1157 quae·

345 1169 486 1256 oritur,
531 1187 600 1236 uon
632 1161 807 1236 deliciunt.
841 1173 880 1234 ut
905 1161 985 1254 big.
1018 1160 1063 1232 de
1096 1159 1198 1232 aedil.
1229 1159 1283 1232 ed.
1301 1153 1365 1252 11,
1388 1157 1424 1231 1.
1455 1155 1478 1230 l.
1506 1184 1650 1256 quaero.
1666 1155 1730 1232 58.
1756 1157 1791 1258 5.
1817 1161 1885 1233 ult.
1910 1199 1962 1216 -
2012 1163 2102 1234 lteru

377 1291 470 1338 unus
498 1263 593 1339 testis
617 1263 814 1336 admittitur
839 1262 940 1336 solus
959 1271 1003 1333 et
1028 1263 1057 1332 ei
1080 1261 1247 1354 creditur,
1277 1273 1387 1360 puta,
1415 1287 1497 1334 cnm
1520 1259 1564 1334 de
1587 1261 1824 1334 instrumento
1851 1261 1970 1360 aliquo
1998 1258 2101 1336 dubi·

376 1381 473 1442 tatur
499 1378 535 1440 et
558 1389 680 1438 omncs
707 1375 817 1438 testes
850 1365 979 1436 morbti
1017 1375 1101 1435 sunt
1135 1363 1194 1435 vcl
1227 1362 1379 1456 absunt,
1418 1365 1455 1436 iu
1489 1388 1562 1461 quo
1590 1385 1674 1436 casu
1696 1361 1858 1436 stabitur
1883 1375 2102 1436 sacramento

377 1468 598 1561 tabellionis,
642 1466 704 1564 qui
733 1467 933 1564 composuit
961 1465 1248 1560 instrumentum,
1286 1465 1453 1564 quoniam
1480 1466 1676 1562 scripturae
1703 1467 1856 1559 veritas,
1896 1467 1927 1536 si
1954 1491 2010 1538 rcs
2035 1491 2103 1564 po·

377 1571 549 1670 praecenit,
584 1580 624 1640 ut
648 1567 780 1642 dictum
807 1579 881 1661 est,
919 1593 984 1665 per
1010 1569 1125 1664 ipsum
1152 1564 1259 1640 debet
1285 1564 1431 1665 probari
1458 1577 1649 1642 auctorem.
1663 1567 1711 1660 23)
1747 1578 1787 1638 ut
1818 1568 1854 1640 iu
1880 1565 1991 1640 Autb.
2016 1565 2104 1640 coll.¹

329 1673 412 1747 rodi.
438 1674 483 1746 de
505 1671 565 1744 fid.
592 1671 751 1742 instrum.
775 1667 811 1770 5.
838 1671 868 1743 si
895 1695 977 1742 vero
1005 1670 1211 1742 moriantur.
1243 1669 1356 1758 (Noa.
1376 1665 1438 1742 75.
1462 1695 1496 1741 c.
1509 1665 1543 1740 7.
1571 1665 1685 1768 51.)
1711 1669 1851 1742 et-Cod.
1875 1668 1920 1742 ad
1945 1668 1968 1738 l.
1992 1669 2100 1740 Corn.

375 1778 420 1850 de
436 1771 560 1866 tuac,
576 1765 637 1842 11.
664 1769 687 1842 l.
714 1774 744 1842 si
771 1773 850 1871 quis
880 1771 1035 1846 decurio.
1049 1766 1108 1844 11.
1128 1771 1178 1868 ²⁹)
1191 1811 1245 1826 -·-
1277 1772 1323 1844 Et
1338 1769 1382 1842 ad
1397 1769 1483 1846 baec
1501 1782 1557 1845 cst
1574 1783 1833 1866 argumentum,
1852 1768 1956 1870 quud
1968 1770 2100 1866 legitur

377 1883 412 1953 in
440 1874 599 1950 Decretis
626 1873 665 1946 C.
682 1868 744 1946 10.
771 1901 805 1971 q.
820 1871 855 1946 1.
877 1871 954 1972 ..(5)
981 1899 1011 1944 c.
1042 1896 1208 1969 praesens
1236 1873 1398 1946 clericus.
1414 1871 1452 1943 d.
1467 1874 1514 1965 33)

479 1973 571 2050 lllud
600 1975 728 2073 'nempe
757 1975 938 2050 sciendum
970 1985 1024 2048 est
1058 1973 1245 2068 diligenter
1279 1977 1316 2046 iu
1354 1973 1526 2068 testibus,
1557 1985 1682 2048 utrum
1709 1975 1783 2048 sint
1815 1973 2010 2075 locupletes
2043 1972 2102 2044 rel

377 2090 537 2172 egentes,
564 2087 600 2148 ut
625 2102 669 2148 au
688 2077 821 2150 inimici
848 2078 899 2170 ci,
927 2075 1096 2148 adversus
1148 2103 1227 2150 uem
1247 2076 1518 2174 producuntur,
1554 2077 1612 2150 vel
1639 2077 1742 2172 amici
1768 2073 1830 2170 ei,
1857 2101 1925 2174 pao
1952 2075 2025 2172 quo
2048 2075 2101 2146 in·

347 2179 569 2269 educuntur,
596 2189 636 2250 ut
656 2170 741 2273 llig.
763 2179 851 2252 att.
865 2175 928 2272 11,
949 2174 989 2249 5.
1018 2175 1093 2250 1.5.
1119 2103 1231 2276 ipa),
1258 2204 1338 2251 nam
1363 2179 1507 2251 intimus
1533 2167 1667 2253 amicus
1693 2179 1908 2278 proterentis
1929 2189 1972 2250 -et
2000 2176 2101 2250 valde

378 2280 656 2455 ‘pnimicpsceipm
683 2292 936 2474 epagaqppepn
962 2279 1166 2454 (ιάιιιξίῑιιὶ,
1189 2282 1332 2454 capillus
1357 2279 1565 2456 rppelpitun
1590 2292 1626 2454 ep
1652 2283 1704 2454 pic
1730 2281 1890 2403 intelligo
1917 2276 2103 2454 lepeppedt

393 2407 493 2456 ame
566 2407 733 2455 0.c.
863 2408 981 2454 ...si
1032 2408 1096 2452 ms.
1167 2435 1176 2453 .
1277 2407 1433 2455 tuano
1477 2408 1578 2456 nmen
1620 2407 1890 2458 estsrmmrcus
1939 2407 1970 2452 st
2054 2407 2085 2451 n

378 2510 534 2556 summae
561 2483 755 2582 opinionis,
797 2509 868 2556 non
896 2409 1066 2577 cciicitllr,
1102 2483 1165 2558 sed
1193 2409 1407 2578 admiblitur,
1441 2495 1483 2556 ut
1505 2509 1578 2580 arg.
1603 2485 1683 2578 Dtg.
1710 2486 1754 2559 de
1780 2433 2014 2583 quaestionib.
2035 2477 2100 2576 48,

380 2583 440 2660 18.
469 2585 492 2660 l.
511 2581 545 2660 1.
572 2583 607 2684 5.
634 2595 827 2682 practerea.
835 2581 989 2681 1115.)
1014 2597 1051 2658 et
1067 2584 1136 2660 boc
1157 2585 1249 2660 idem
1267 2586 1425 2680 intelligo
1444 2587 1481 2658 in
1498 2596 1587 2660 teste
1602 2587 1725 2662 amico.
1777 2592 1944 2658 Attamen
1958 2586 1992 2656 in
2006 2595 2102 2656 teste

330 2699 364 2752 2⁰
380 2688 521 2760 inimico
541 2687 711 2766 utendam
744 2699 799 2760 est
824 2685 886 2761 tali
911 2687 1154 2762 distinctione:
1194 2698 1310 2762 atrum
1346 2688 1543 2762 inimicitias
1575 2688 1646 2761 aiut
1683 2687 1850 2786 capitales
1888 2697 1923 2760 ct
1953 2709 2099 2779 ¹graves,

379 2817 422 2862 an
438 2790 545 2861 leues.
585 2789 751 2885 ‹Pr-optet
770 2787 944 2888 capitales
959 2802 994 2862 et
1011 2811 1135 2884 graves
1158 2789 1354 2884 repellitur,
1380 2791 1472 2864 sicut
1495 2789 1624 2862 dicitur
1639 2789 1692 2865 *de
1718 2801 1836 2864 tutore
1860 2799 1896 2864 et
1921 2795 2099 2878 curatore,

379 2893 862 3085 tttttttttatfttt
877 2891 1056 3068 dliii}
1079 2891 1381 3069 {bittit
1397 2891 1580 3068 ittet.
1601 2883 2102 3069 “tttttz'tl’ild

380 3119 459 3166 csse
484 3093 622 3166 dicatur
642 3093 698 3186 ei,
731 3019 874 3168 boldtrap
890 3075 994 3194 (puero
1018 3094 1245 3193 producitur,
1287 3121 1329 3169 cc
1363 3021 1462 3194 qucll
1494 3095 1537 3170 lis
1566 3046 1753 3168 criminalis
1777 3097 1869 3168 inter
1893 3117 1955 3168 ecs
1982 3116 2101 3166 move·

331 3209 440 3267 astur
467 3205 503 3268 et
526 3206 652 3292 coepta
681 3195 749 3288 sit,
790 3221 861 3268 non
885 3197 1055 3295 recipitur
1089 3199 1162 3270 eius
1189 3199 1453 3290 testimonium,
1496 3198 1562 3268 nisi
1589 3199 1690 3293 prius
1715 3196 1886 3271 iudicetur
1911 3193 1956 3268 de
1982 3220 2102 3288 musa,

380 3299 410 3369 si
436 3307 552 3372 autem
580 3297 681 3370 aliter
704 3296 849 3370 odiosus
875 3297 1029 3392 dicatur,
1057 3297 1253 3374 admittitur
1272 3311 1307 3373 ct
1334 3300 1500 3397 ¹procedit
1526 3301 1598 3373 eius
1625 3301 1818 3374 attestatio.
1868 3299 1917 3370 Et
1942 3307 2102 3396 tempore

380 3400 657 3496 disputationum
695 3395 932 3475 servabuntur
963 3399 1165 3474 buinsmodi
1196 3402 1442 3500 quaestiones,
1482 3411 1524 3474 ut
1555 3403 1594 3474 in
1621 3399 1732 3475 nuth.
1765 3423 1794 3472 e.
1823 3411 1854 3472 t.
1887 3395 2101 3498 §.sivero

381 3503 490 3592 (Nou.
509 3497 572 3572 90.
598 3527 627 3575 c
641 3497 717 3596 6.),
747 3503 863 3576 etsie
887 3502 1108 3602 relinquetur
1132 3502 1328 3598 cognitioni
1355 3501 1500 3595 iuditia,
1531 3527 1576 3575 an
1601 3501 1689 3574 lidos
1715 3513 1841 3600 postea
1856 3501 1905 3600 ³²)
1933 3502 1980 3574 sit
2004 3497 2100 3572 adbi-

381 3601 497 3675 benda
520 3603 581 3696 eis,
605 3601 662 3674 vel
675 3628 757 3674 non.
781 3615 819 3674 ut
835 3605 914 3699 lug.
932 3603 976 3677 de
994 3602 1229 3704 quaestionib.
1250 3598 1390 3696 48,18.
1411 3603 1436 3676 l.
1457 3599 1489 3676 l.
1515 3601 1550 3704 5.
1576 3602 1690 3676 clivus.
1720 3600 1794 3694 (11.
1810 3615 1933 3702 etseq.
1948 3597 2100 3692 1115.)

330 3717 365 3771 aa
483 3708 591 3798 item,
621 3705 650 3776 si
675 3703 865 3778 obiiciatur
890 3707 992 3802 testi,
1022 3705 1120 3808 quod
1147 3707 1195 3778 sit
1219 3731 1357 3800 servus,
1382 3705 1412 3778 is
1440 3716 1553 3780 autem
1580 3704 1732 3779 liberum
1758 3731 1797 3779 se
1821 3705 1988 3795 affirmet,
2015 3704 2101 3778 reci-

379 3807 475 3906 pitur
501 3805 643 3905 quidem
668 3807 740 3880 eius
768 3807 1026 3903 testimonium,
1061 3807 1123 3882 sed
1148 3803 1267 3880 habita
1293 3805 1548 3908 disputatione,
1582 3810 1614 3880 si
1640 3831 1761 3880 servus
1789 3805 2012 3906 apparuerit,
2045 3829 2101 3876 re·

380 3911 521 4006 spuitur
545 3909 898 4002 rannemundus.
925 3923 966 3984 nt
992 3912 1029 3982 in
1054 3907 1164 3984 Autln
1190 3935 1220 3981 e.
1247 3906 1283 4007 5.
1309 3935 1340 3984 e.
1364 3953 1416 3964 -
1465 3909 1563 3982 ldem
1589 3935 1652 4008 per
1679 3911 1795 3984 omnia
1821 3906 1946 4002 credo,
1981 3909 2011 3977 si
2037 3905 2101 3978 uli·

382 4009 464 4110 quid
487 4012 520 4081 ei
545 4009 730 4083 obiiciatur
757 4021 792 4083 et
815 4012 892 4110 ipse
917 4013 1105 4108 negaverit.
1128 4049 1181 4067 —
1229 4012 1384 4110 Verum,
1416 4011 1447 4084 si
1479 4011 1646 4086 libertum
1682 4011 1840 4086 sedicet
1898 4009 2102 4110 priusquam

381 4123 552 4203 testetur,
591 4111 861 4186 instrumentum
887 4111 1063 4189 libertatis
1088 4113 1253 4186 ostendat
1274 4111 1342 4211 ³³),
1381 4115 1445 4186 nisi
1471 4113 1638 4186 iuraverit
1663 4139 1702 4186 se
1724 4113 1813 4185 alibi
1837 4062 1987 4204 babere,
2030 4132 2101 4209 quo

331 4235 364 4289 aa
382 4216 478 4288 iacto
504 4213 687 4312 recipitur,
714 4213 776 4320 sed
805 4215 871 4288 nisi
896 4217 1163 4308 monstraverit,
1189 4217 1263 4289 eius
1289 4217 1430 4288 testatio
1453 4215 1618 4288 reiicitur.
1646 4227 1686 4290 ut
1711 4215 1747 4287 in
1773 4213 1883 4289 nuth.
1910 4239 1938 4286 e.
1966 4211 2001 4314 5.
2029 4237 2058 4284 e.

422 4470 483 4549 27)
525 4468 581 4535 ult.
605 4488 655 4534 sc.
678 4480 742 4533 ant.
765 4470 809 4535 tit.
833 4470 875 4534 de
896 4466 1079 4552 privilegiis
1100 4468 1206 4536 credi·
1275 4467 1401 4536 „imma
1413 4468 1561 4554 legatum
1573 4467 1951 4553 legatartopropterea‚'’
1959 4464 2016 4546 (G.
2026 4465 2102 4531 add.

380 4579 498 4636 torum.
820 4575 823 4584 '
1276 4570 1386 4656 „qnod
1399 4569 1530 4636 vocavit
1551 4579 1743 4636 testatorem
1764 4573 1798 4638 iu
1819 4573 1889 4648 ius,
1918 4585 2056 4633 movens
2071 4564 2103 4628 ei

424 4669 485 4750 18)
527 4684 691 4736 auctorem.
716 4711 757 4720 -
778 4671 819 4736 B.
833 4672 872 4736 P.
882 4669 929 4737 G.
941 4667 1031 4736 male
1048 4670 1207 4735 auctore?
1277 4681 1404 4736 »stoma
1419 4669 1727 4753 controversiumi’)
1741 4683 1794 4737 ant
1807 4667 2000 4751 Dis-debis
2015 4665 2102 4751 quib·

380 4809 422 4820 -
439 4776 588 4838 „nette-'³
1278 4780 1335 4838 „ut
1355 4773 1476 4857 indign.
1491 4769 1545 4849 at,
1561 4770 1611 4836 9.”
1628 4771 1681 4850 (G.
1696 4774 1770 4840 add.
1788 4770 1828 4836 al.
1843 4771 1872 4836 si
1886 4764 2102 4837 tinimicitiae?

349 4891 364 4940 5
423 4875 483 4958 19)
526 4871 578 4939 Gl'.
596 4875 700 4940 Olore.
717 4879 751 4940 in
765 4895 796 4939 v.
811 4883 990 4937 auctorem.
1278 4909 1319 4922 -··
1336 4869 1645 4958 1711111951.)

422 4975 480 5058 30)
525 4973 576 5042 Cl'.
595 4977 699 5042 otas.
714 4977 748 5041 iu
762 4998 794 5042 v·
810 4981 947 5058 patrem.
1083 4981 1085 4983 ’
1318 4973 1377 5056 31)
1418 4984 1533 5055 porteu.
1548 4975 1588 5040 l'.
1606 4975 1646 5040 G.
1661 5007 1704 5022 -·
1717 4969 1755 5034 Β.
1771 4989 1836 5036 om.

422 5077 481 5161 31)
526 5077 584 5164 sp.
599 5078 675 5143 add.
691 5078 792 5142 altem
806 5072 958 5138 adimitur
972 5071 1117 5157 legatum
1131 5095 1207 5158 pro·
1318 5075 1377 5158 33)
1418 5085 1537 5160 praecep.
1560 5085 1626 5141 teat.
1648 5080 1787 5138 utatrtan.
1808 5075 1907 5138 libert.
1930 5078 1987 5134 ast.
2005 5067 2043 5136 B.
2064 5068 2103 5133 P.

382 5189 477 5261 „pter
498 5177 660 5264 capitales
683 5175 877 5242 inimicitias.
900 5184 935 5236 ut
951 5171 1026 5258 Dtg.
1049 5177 1091 5240 de
1110 5177 1208 5242 adim.
1278 5211 1317 5224 -
1331 5175 1383 5242 Al.
1400 5179 1515 5262 „ptius
1537 5178 1685 5242 instram
1706 5171 1907 5248 libertast,
1937 5191 2035 5256 quam
2055 5182 2102 5236 te·

381 5279 457 5345 »vel
473 5278 587 5350 causi.
603 5279 701 5363 legat.
717 5275 771 5356 34,
787 5275 815 5340 4.
835 5275 856 5339 l.
872 5273 900 5338 3.
925 5274 955 5359 §.
970 5273 1026 5340 ult.
1056 5277 1137 5343 ltem
1152 5297 1208 5342 au·
1279 5278 1484 5348 rstiraooiurn
1497 5278 1583 5353 letut
1598 5287 1631 5342 et
1646 5285 1822 5359 amequaru
1836 5270 1949 5340 iuret'’
1965 5272 2005 5342 G.
