4812 5966
396 537 440 607 et
997 537 1162 608 ’11111111
1176 540 1249 607 ord.
1262 539 1423 608 iuditiarii
1436 541 1475 607 P.
1488 542 1517 608 l.
1605 545 1608 561 '

397 728 546 828 praelat.
570 725 609 822 b',
634 724 696 801 ti.
723 754 765 801 e,
781 728 826 801 ad
849 728 946 802 bueo.
971 725 1008 800 2.
1026 731 1057 818 ⁷)
1083 729 1131 818 11.
1154 725 1193 802 5.
1218 729 1263 802 de
1288 730 1437 803 institut.
1458 727 1499 823 5,
1526 725 1563 800 7.
1588 754 1619 801 e.
1642 753 1721 802 oum
1748 733 1936 806 venisseut.
1962 731 2119 829 1-8)-

398 834 486 904 ltem
513 832 721 904 universitas
747 830 909 925 eligendo
936 829 1007 904 sibi
1027 832 1209 904 domiuum
1230 831 1301 905 ‘vel
1330 831 1529 929 praelatum
1562 829 1689 904 tribuit
1718 834 2008 908 iurisdietionem.
2042 863 2117 933 arg.

398 934 446 1006 X.
456 930 491 1005 1.
516 932 561 1006 de
585 933 647 1005 oll'.
673 931 745 1005 iud.
772 933 848 1006 ord.
874 930 911 1027 1,
939 929 1002 1005 ⁶25.
1028 961 1059 1007 e.
1085 959 1165 1006 eum
1190 931 1237 1004 alt
1264 933 1489 1006 eeclesiarum
1514 931 1737 1030 praelatisb.
1755 933 1787 1033 9)
1810 936 1845 1006 io
1859 937 2117 1014 111111111-

398 1033 568 1108 sensorib.
600 1035 728 1110 civitot
762 1034 798 1136 ἓ.
823 1032 860 1108 2.
891 1035 1005 1135 (Nor.
1032 1031 1091 1110 15.
1121 1060 1152 1108 e.
1181 1031 1237 1134 1.)
1259 1034 1307 1135 ¹⁰)
1342 1033 1429 1108 cod.
1466 1034 1510 1107 de
1541 1036 1665 1108 iurisd.
1708 1060 1802 1110 omn.
1835 1037 2117 1135 1111111.

364 1137 463 1208 tull.
492 1139 552 1207 ¹¹.

312 1232 350 1336 §-
361 1233 397 1308 1.
497 1143 538 1337 §l
555 1240 601 1330 12)
654 1237 845 1338 Sequitur,
872 1239 949 1340 quis
974 1238 1089 1338 possit
1113 1262 1192 1314 esse
1216 1237 1333 1314 iudex.
1382 1239 1430 1310 Et
1455 1237 1640 1314 dicendum
1665 1251 1740 1336 est,
1772 1240 1870 1340 quod
1898 1246 2030 1339 omnis,
2056 1247 2117 1344 qui

397 1363 470 1412 uon
495 1337 718 1438 prohibetur.

395 1691 503 1758 »illius
528 1704 639 1759 terroe
668 1696 874 1761 consuetudo
904 1695 1044 1777 babeat,
1072 1705 1108 1762 ut
1134 1694 1220 1762 tales
1289 1697 1497 1778 sonaverint,
1523 1697 1578 1765 vel
1593 1699 1692 1765 etiam
1706 1698 1770 1764 sub
1784 1707 1966 1784 potestate,
1989 1710 2023 1766 ut
2037 1701 2116 1769 dicit

394 1790 579 1860 »foeminae
594 1792 839 1880 praecellentes
861 1797 894 1862 iu
909 1819 990 1864 suos
1005 1797 1155 1864 subditos
1169 1799 1219 1863 iu·
1289 1797 1330 1864 »1.
1344 1799 1437 1864 ista.”
1453 1808 1486 1864 et
1500 1799 1578 1866 ibid.
1598 1800 1641 1865 ad
1655 1801 1747 1864 verb.
1769 1809 1836 1866 tem
1856 1801 1890 1865 iu
1912 1803 2001 1886 publ.
2018 1822 2115 1888 quam

393 1895 635 1964 nrisdictionem
649 1898 856 1962 exerceant.”
876 1934 918 1946 -
939 1898 991 1965 Cl'.
1009 1899 1115 1964 Gloee.
1130 1897 1220 1966 adh.
1287 1900 1321 1966 in
1335 1901 1481 1986 privatis.
1504 1920 1573 1967 sse.
1593 1901 1832 1986 pertinentibus
1853 1903 1896 1968 ad
1910 1903 2115 1988 praedictam

392 2015 422 2060 e.
437 1995 468 2058 4.
483 1996 518 2059 iu
532 2014 562 2060 v.
577 1999 860 2064 consuetudinem.
1287 1999 1551 2086 »professionem
1574 2021 1636 2068 seu
1650 2003 1924 2088 negotiationem
1947 2025 2060 2087 serus,
2083 2005 2114 2071 si

360 2113 376 2162 5
436 2095 474 2182 7)
517 2097 591 2162 11.
611 2098 652 2164 X.
675 2098 715 2164 G.
737 2120 766 2165 e.
787 2100 862 2184 15,
882 2100 934 2168 31.
956 2101 1117 2170 Alexand
1133 2103 1220 2171 3.-
1287 2104 1352 2170 nde
1367 2101 1527 2172 adulterio
1542 2101 1598 2171 vel
1616 2102 1712 2170 simili
1727 2123 1850 2183 eausa;
1878 2103 1934 2172 illa
1949 2107 2114 2173 enimsub

391 2197 439 2263 lbi
454 2197 557 2262 Gloss.
571 2201 604 2264 in
621 2221 649 2264 v.
667 2204 1051 2292 consuetudinesndrg,
1067 2209 1156 2293 quod
1170 2207 1219 2273 iu·
1288 2215 1470 2290 „potestate
1491 2215 1616 2270 mutum
1639 2206 1737 2272 debet
1755 2207 1965 2274 examinari.”
1992 2244 2035 2256 -
2066 2211 2112 2272 ld.

393 2298 558 2366 srisdietio
574 2300 797 2370 archidianoni
818 2304 929 2389 potius
949 2325 992 2372 ex
1005 2311 1217 2376 consuetudi·
1284 2327 1392 2371 suurn
1410 2307 1484 2372 cod.
1506 2307 1549 2372 od
1565 2326 1594 2371 e.
1609 2315 1629 2370 t.
1650 2326 1739 2372 num.
1756 2308 1785 2372 7.
1808 2309 1908 2376 sltem
1925 2327 2113 2376 consensus

392 2420 476 2479 sue,
505 2421 604 2487 quam
626 2423 670 2468 ex
690 2407 762 2469 iure
783 2408 920 2472 iuvatur.
949 2451 983 2470 ..
1005 2419 1039 2473 et
1059 2409 1218 2494 intellige,
1249 2419 1255 2432 ’
1287 2427 1444 2488 ssorum,
1474 2411 1531 2493 qui
1552 2417 1630 2473 sunt
1644 2408 1686 2473 de
1702 2409 1821 2475 eadem
1834 2409 2044 2496 professione
2058 2407 2112 2476 vel
2234 2451 2245 2467 .

392 2501 659 2588 »quodlriedioit
675 2505 717 2570 de
733 2509 1219 2594 eonsuetudineproesoripoe'
1287 2509 1551 2594 suegododoue,
1571 2509 1714 2574 iudieem
1732 2522 1875 2593 possunt
1896 2510 2011 2578 lacere
2024 2512 2111 2578 ordi·

344 2615 377 2664 10
434 2602 473 2686 8)
515 2625 544 2670 e.
559 2604 591 2669 6.
604 2605 647 2670 Χ.
663 2605 704 2671 G.
720 2607 831 2688 e.t.3,
847 2609 877 2674 ⁷.
891 2609 1001 2677 lunoe.
1016 2611 1218 2678 3.-·itf.e.
1286 2607 1812 2676 nundum...utirttuir.”-
1832 2609 2110 2679 0101111111.

391 2723 456 2770 out.
485 2741 529 2754 -
556 2707 604 2772 lbi
628 2707 791 2774 Gibrata
810 2732 842 2775 v.
863 2715 1039 2778 communi.
1062 2713 1125 2780 ede
1145 2715 1219 2780 inre
1285 2711 1308 2779 l.
1322 2713 1356 2778 in
1369 2733 1402 2778 r.
1419 2713 1569 2797 pertinet.
1838 2755 1844 2772 .

289 2831 291 2836 ·
391 2808 574 2872 ”commum
593 2807 750 2874 institutio
771 2829 991 2895 personarum
1011 2823 1045 2878 et
1066 2817 1219 2882 custodia
1368 2811 1422 2880 Its.
1440 2814 1468 2879 l.
1485 2813 1516 2878 1.
1531 2831 1598 2878 orn.
1611 2812 1694 2878 Nor.
1711 2811 1758 2878 15.
1775 2824 1808 2878 et
1820 2810 1843 2878 l.
1857 2811 1934 2894 ult,
1957 2815 2019 2880 sed
2034 2815 2109 2882 add.

390 2910 597 2974 »vacantium
611 2909 831 2977 ecelesiarum
852 2925 980 2999 spectat
997 2915 1041 2980 ad
1055 2915 1218 2983 111111111-
1284 2911 1469 3000 oSimiliter,
1485 2916 1515 2980 si
1529 2918 1622 2982 rives
1639 2913 1762 2998 eligant
1773 2914 1837 2980 sibi
1849 2913 1991 3001 aliquem
2004 2917 2039 2982 io
2052 2918 2110 2984 de·

391 3027 545 3084 sonuum,
560 3055 570 3073 .
585 3054 594 3073 .
609 3011 672 3077 nisi
686 3016 890 3082 cousuetudo
904 3029 1088 3103 repugnet,
1113 3017 1218 3086 utbio
1284 3013 1491 3096 olensomm,
1528 3015 1607 3082 dant
1635 3016 1667 3080 ei
1694 3015 1954 3084 iurisdietionem
1983 3018 2046 3086 sui.
2075 3029 2111 3084 ut

344 3127 375 3178 ¹5
393 3110 541 3174 evidetur
554 3111 597 3175 ad
610 3110 666 3178 fin.
685 3116 734 3180 o.”
1286 3114 1380 3202 „Dip
1403 3118 1491 3204 quod
1514 3117 1640 3185 euiuse.
1659 3119 1746 3183 univ.
1766 3138 1856 3184 nom.
1869 3117 1907 3216 3,Ι
1921 3119 1953 3184 cl.
1979 3117 2002 3185 l.
2030 3120 2058 3186 1.
2077 3118 2109 3206 §.

433 3209 470 3293 9)
513 3231 541 3277 1.
558 3211 591 3277 3.
613 3213 656 3278 Χ.
673 3213 712 3280 G.
732 3235 762 3281 e.
783 3227 803 3282 t
821 3217 852 3298 1,
875 3217 924 3283 31.
945 3218 1108 3286 Alexand.
1122 3219 1153 3285 ³.
1173 3253 1216 3268 -·
1269 3221 1424 3305 ..quibus
1440 3228 1551 3285 autem
1565 3219 1765 3305 permissum
1779 3230 1831 3285 est
1845 3238 1968 3305 eorpus
1982 3221 2109 3288 babere

391 3310 438 3376 lbi
454 3311 560 3376 aaa.
576 3313 609 3378 in
620 3316 891 3384 useelesiastioo
905 3323 1077 3386 sententia.
1093 3339 1216 3407 »geno-
1284 3321 1457 3406 »11111ςί1,
1476 3319 1665 3398 sooietotis,
1687 3320 1761 3386 sive
1775 3322 2013 3408 cuiuscumque
2027 3322 2108 3390 alte·

391 3409 524 3476 oraliter
536 3415 692 3497 traditur,
707 3419 796 3503 quod
810 3421 949 3506 quilibet
961 3422 1132 3507 praelatus
1146 3423 1215 3490 ool·
1283 3425 1372 3490 rrius
1387 3441 1504 3488 eorum
1516 3421 1667 3501 nomine,
1688 3422 1858 3506 proprium
1872 3433 1925 3490 est
1938 3427 1983 3490 ad
1997 3441 2107 3492 exem·

392 3511 552 3598 „legistae
567 3514 746 3598 eeclesiae,
760 3518 839 3588 lieet
853 3523 960 3588 subsit
974 3525 1146 3609 episeopo,
1163 3535 1216 3592 est
1282 3522 1393 3608 »plum
1419 3524 1502 3608 reip.
1537 3521 1662 3588 babere
1697 3543 1905 3590 eommunem
1933 3545 2045 3594 aream
2074 3538 2108 3594 et

341 3627 375 3680 to
392 3625 522 3680 ammon
535 3615 635 3681 iudex
648 3619 834 3686 ordinarius
847 3623 880 3687 in
895 3623 995 3707 plebe
1008 3646 1088 3708 sue,
1109 3627 1213 3694 1111-
1283 3647 1490 3692 „amoremne
1511 3629 1704 3710 &sessorem
1726 3634 1760 3690 et
1779 3637 1927 3694 retorem
1941 3629 2014 3698 sive
2028 3648 2106 3716 syn·

389 3716 463 3780 »bet
484 3716 743 3786 iurisdietionem
772 3728 1001 3807 cognoscendi
1027 3739 1061 3793 et
1082 3749 1214 3794 exeom-
1283 3728 1433 3808 „dicum,
1452 3747 1516 3812 per
1530 3746 1644 3813 quem,
1672 3735 1839 3813 tamquam
1852 3729 1887 3794 in
1900 3748 1990 3814 rep„
2018 3732 2108 3817 quod

389 3819 611 3900 smumoondi,
640 3833 676 3886 ut
696 3821 752 3888 bie
775 3825 860 3890 dioit
889 3871 930 3892 ..
959 3839 992 3894 et
1021 3830 1113 3897 illum
1139 3833 1215 3898 dieo
1281 3833 1519 3896 »communiter
1532 3830 1589 3913 agi
1602 3827 1740 3914 fierique
1754 3838 1922 3913 oporteat,
1943 3841 2059 3918 agatur
2074 3842 2107 3898 et

391 3921 593 4001 „praelatum
615 3921 681 3988 hoe
702 3921 818 3991 lacere
839 3947 943 4012 posse
958 3941 992 3994 et
1004 3932 1106 3998 telem¹
1117 3933 1215 3998 iuris·
1282 3930 1369 3997 sliat.
1384 3961 1403 3996 a
1419 3933 1456 3998 ’ῥ’
1478 3967 1523 3978 -
1542 3931 1693 4010 Fuerint,
1722 3931 1778 4017 qui
1791 3931 1862 3999 istis
1876 3933 2017 3998 mutue
2031 3952 2105 3998 ver·

389 4020 583 4087 „dictionem
596 4023 741 4107 babere,
757 4032 812 4113 qui
827 4042 880 4095 est
894 4030 1020 4100 electus
1035 4055 1056 4100 a
1071 4034 1214 4120 collegio
1282 4033 1352 4098 bis:
1375 4053 1603 4100 „communem
1618 4032 1861 4114 defensorem
1886 4033 1929 4099 ub
1943 4037 2019 4117 ipso
2027 4033 2105 4122 Dig.

339 4145 372 4196 25
390 4123 483 4188 »sive
496 4116 739 4194 universitate?
1194 4183 1197 4190 .
1283 4132 1361 4200 loeo
1383 4135 1502 4201 alienis
1523 4146 1557 4200 et
1576 4155 1619 4200 ex
1636 4135 1753 4220 glossa
1778 4133 1890 4222 aliquo
1915 4133 1975 4213 (ef.
1998 4137 2105 4202 liltore.

432 4223 487 4308 10)
530 4225 579 4290 lbi
597 4227 699 4290 Glorr.
708 4229 741 4302 itt
750 4251 781 4296 v.
790 4231 959 4300 circulum.
976 4235 1110 4302 „Flebat
1124 4240 1212 4303 enirn
1279 4237 1322 4301 ad
1337 4236 1368 4301 b.
1382 4237 1405 4302 1.
1414 4238 1444 4302 l.
1459 4237 1490 4324 ᾖ.
1503 4237 1532 4303 l.
1546 4239 1579 4302 in
1593 4258 1625 4302 v.
1640 4238 1840 4324 syndicum.)
1852 4241 1999 4322 reoepris
2013 4249 2104 4306 uten-

388 4327 547 4412 „quidom
564 4326 707 4394 oireolus
723 4328 916 4420 ghominum,
946 4348 979 4402 et
1008 4357 1050 4403 ex
1070 4338 1124 4404 liis
1146 4339 1212 4404 duo
1280 4337 1359 4404 duur
1372 4357 1451 4405 esse
1466 4349 1656 4418 censerent,
1671 4339 1894 4406 immiscentes
1902 4341 2030 4410 srilieet
2043 4361 2104 4408 eos

388 4431 612 4512 „quaerebant
633 4439 781 4510 eeteros,
810 4433 1013 4504 conterendo
1032 4439 1212 4506 bonitatem
1279 4437 1495 4522 defensores,
1527 4442 1569 4505 de
1595 4439 1716 4525 quibus
1741 4440 1775 4506 in
1799 4443 1883 4509 Nor.
1900 4443 1950 4508 15.
1983 4445 2105 4511 dietum

387 4529 630 4615 »singulorum
644 4542 681 4596 ut
694 4530 865 4600 meliorem
879 4537 1071 4623 eligerent.”
1278 4550 1340 4604 est
1367 4575 1411 4590 —
1437 4541 1542 4606 Aliter
1556 4549 1667 4607 autem
1683 4540 1788 4608 eo...
1806 4546 1840 4608 T.
1862 4545 1907 4610 ed
1920 4542 1953 4609 b.
1968 4543 1990 4610 l.
2005 4545 2104 4632 aare.

338 4644 371 4699 1ο
431 4630 488 4716 11)
531 4636 783 4698 Aso.1ectur.in
799 4637 872 4700 cod.
893 4641 936 4704 od
958 4640 990 4704 h.
1007 4639 1030 4704 1.
1044 4641 1099 4706 ult.
1114 4641 1208 4705 verb.
1279 4651 1351 4706 rest
1372 4651 1406 4705 et
1425 4640 1504 4708 laeit
1525 4643 1569 4706 ad
1581 4642 1789 4727 propositum
1806 4645 1954 4730 magistri
1968 4647 2001 4712 iu
2016 4646 2104 4726 lione

385 4736 440 4818 qui
454 4732 598 4818 profess.
607 4735 684 4822 aliq.
698 4755 760 4802 seu
774 4750 884 4823 negot.
893 4759 1052 4806 exeruere
1064 4760 1209 4808 noscun-
1279 4743 1449 4808 amodum:
1478 4761 1522 4808 ex
1541 4761 1606 4828 quo
1628 4757 1745 4812 creant
1769 4746 1834 4812 sibi
1854 4749 2029 4832 syndicum
2047 4747 2103 4814 rel
2144 4811 2150 4818 .

384 4847 447 4900 tur.
478 4837 574 4904 „Non
589 4839 666 4904 dioit
680 4839 723 4904 de
738 4838 909 4925 discipulis
924 4861 1049 4907 eorum.
1071 4887 1103 4905 ..
1138 4841 1209 4909 lle·
1280 4855 1467 4923 sartorem,
1494 4845 1560 4910 ianr
1581 4849 1769 4914 eoneeduut
1789 4846 1820 4910 ei
1833 4849 2102 4933 potesoremds-

385 4941 498 5022 „gistri
518 4959 600 5024 ergo
622 4951 766 5026 possunt
784 4939 943 5007 eonsules
966 4942 1110 5028 eligere,
1132 4945 1211 5030 quia
1279 4943 1457 5011 „tendendi
1472 4965 1548 5024 eost
1564 4951 1682 5024 eodeni
1696 4948 1814 5028 ruodo,
1835 4950 1891 5036 qui
1905 4949 2029 5034 eligunt
2043 4949 2102 5016 ali·

385 5040 468 5123 sipsi
490 5053 649 5109 exerrent
669 5040 928 5128 professionem.
957 5041 1016 5108 Sio
1038 5054 1072 5108 et
1085 5043 1212 5112 loeium
1278 5067 1394 5132 equom
1409 5049 1442 5114 in
1458 5050 1671 5136 episcopum,
1697 5048 1850 5116 videntur
1863 5052 1895 5117 ei
1909 5051 1991 5116 dore
2005 5053 2101 5120 iuris·

334 5161 366 5215 15
386 5140 490 5210 „fabri
512 5145 545 5209 iu
559 5156 650 5212 terra
663 5146 730 5209 ista
745 5153 778 5208 et
792 5143 858 5211 elia
872 5163 1031 5228 corpora,
1059 5147 1137 5232 quie
1151 5148 1208 5215 eli-
1278 5150 1505 5216 „dictorem”

383 5254 483 5330 egomt
495 5243 729 5312 ministeriales
744 5261 839 5323 suos,
855 5247 919 5310 sub
934 5245 1053 5332 quibus
1068 5262 1210 5332 possunt
1321 5252 1380 5334 lt)
1421 5253 1495 5320 llal.
1520 5256 1619 5318 inser.
1647 5253 1983 5338 „Quis-possitessa
2001 5259 2102 5325 iudex
