4786 5962
387 535 429 603 lt
961 531 1047 602 Plllii
1075 536 1118 601 de
1146 535 1216 602 ord.
1245 533 1394 602 iudicior.
1436 533 1473 599 P.
1490 533 1518 600 1.

386 723 532 825 publico
576 723 624 794 sit
661 733 839 818 extracta,
885 735 921 796 et
961 734 1044 796 tuuc
1082 723 1212 796 dicitur
1251 720 1383 795 habere
1420 719 1603 820 publicum
1644 726 1893 798 testimonium.
1961 729 2007 802 lit
2040 730 2116 804 lieri

387 825 508 898 debet,
529 828 745 923 comparatio
785 851 850 924 per
891 836 1149 898 sacramentum
1186 824 1351 917 illorum,
1393 822 1520 922 quibus
1563 827 1814 919 committitur,
1860 828 1960 927 quod
1999 855 2115 930 neque

240 993 254 1014 „‚
386 928 529 1028 pretio,
575 953 690 1026 neque
731 928 834 1020 odio,
880 951 995 1025 neque
1032 951 1152 998 amore
1190 926 1247 1000 vel
1288 928 1400 1021 gratia
1442 926 1587 1000 alicuius
1603 929 1650 1020 ³⁹)
1692 927 1762 1002 hoe
1805 930 1827 999 i.
1865 955 1894 1002 e.
1934 956 2115 1031 eompara-

386 1033 516 1104 tionem
544 1029 720 1102 literarum
754 1032 901 1102 istarum
937 1028 1076 1100 sacient.
1135 1028 1182 1100 Et
1215 1027 1343 1100 dicitur
1384 1030 1623 1126 comparatio,
1668 1030 1689 1102 i.
1730 1057 1760 1104 e.
1793 1032 2009 1106 assimilatio.
2068 1038 2116 1108 Et

354 1131 520 1206 stalibns
565 1130 671 1206 debet
718 1132 910 1223 committi,
961 1131 1025 1226 qui
1064 1130 1099 1202 id
1145 1130 1270 1202 melius
1322 1130 1438 1204 iacere
1483 1133 1667 1224 noverint,
1716 1134 1791 1204 sive
1836 1134 1907 1206 sint
1954 1134 2115 1209 tabellio·

387 1261 473 1328 nes,
516 1234 573 1306 vel
608 1234 785 1332 simplices
821 1233 1034 1330 scriptores,
1079 1231 1137 1304 vel
1173 1231 1232 1304 alii
1266 1230 1408 1306 literati.
1434 1243 1475 1304 ut
1501 1233 1590 1306 Cod.
1626 1233 1671 1306 de
1699 1233 1770 1306 lide
1801 1235 1963 1308 instrum.
1989 1235 2029 1328 d,
2056 1234 2116 1310 Sl.

387 1337 411 1409 l.
443 1337 735 1433 comparationes.
763 1331 826 1406 20.
866 1345 903 1406 et
933 1334 970 1404 in
998 1333 1107 1406 suth.
1143 1333 1189 1406 de
1226 1333 1282 1406 bis
1320 1336 1383 1434 qui
1423 1335 1670 1429 ingrediuntur
1705 1335 1750 1407 ad
1783 1338 1915 1434 appell.
1948 1337 1983 1438 5.
2017 1338 2116 1410 illud.

387 1439 482 1513 Coll.
495 1435 531 1511 5.
558 1432 740 1536 (Nouia
768 1432 863 1533 (3.9.)
888 1437 949 1525 ⁴⁰).

304 1541 384 1646 ἐμ.
488 1539 523 1639 5.
546 1543 575 1632 1)
629 1540 695 1611 Est
720 1537 852 1610 dictum
879 1539 1063 1635 superius,
1105 1536 1202 1636 quod
1230 1549 1331 1611 actor
1363 1535 1472 1612 debet
1497 1538 1685 1636 specialem
1717 1541 1892 1614 actionem
1917 1567 2117 1638 proponere

339 1665 370 1716 ιο
389 1654 424 1716 et
449 1643 563 1716 edere.
616 1639 718 1712 Unde
744 1640 924 1712 sciendum
952 1653 1025 1731 est,
1068 1639 1163 1738 quod
1190 1640 1377 1737 specialem
1404 1641 1576 1714 actionem
1606 1641 1734 1713 editam
1761 1643 1945 1719 emendare
1970 1642 2054 1716 licet
2071 1644 2116 1735 ²),

222 1746 225 1754 ’
387 1756 427 1817 ut
452 1745 482 1817 si
510 1743 610 1840 prins
636 1743 751 1812 minus
779 1743 940 1838 potierit,
985 1744 1116 1840 poterit
1140 1755 1265 1839 postea
1295 1743 1510 1841 inamplius
1537 1743 1719 1816 intendere
1738 1746 1791 1836 ³),
1820 1757 1856 1817 et
1882 1772 1902 1816 e
1929 1747 2116 1820 contrario.

388 1859 429 1918 ut
457 1845 545 1918 Cod.
578 1843 623 1916 de
655 1840 829 1936 edend2,
858 1840 890 1914 l.
918 1841 993 1915 l.5.
1028 1856 1064 1916 et
1089 1846 1175 1916 lust.
1202 1845 1247 1916 de
1273 1843 1396 1938 acti,
1423 1843 1460 1918 6.
1494 1841 1586 1943 5si
1611 1843 1815 1918 minucbt.
1867 1845 1938 1919 Sed
1967 1844 2034 1918 hoo
2058 1873 2117 1918 ve·

388 1975 466 2020 rum
493 1945 617 2016 dicunt
643 1969 722 2016 esse
748 1946 905 2043 quidam,
942 1958 1130 2044 antequam
1159 1971 1266 2043 super
1299 1948 1411 2022 minus
1445 1945 1502 2018 vel
1534 1972 1645 2044 super
1678 1948 1830 2045 amplius
1862 1957 2118 2022 sacamentum

389 2048 580 2120 calumniae
606 2059 814 2144 praestetur.
867 2048 938 2118 Alii
962 2048 1103 2140 dicunt,
1151 2048 1248 2148 quod
1279 2051 1383 2121 etiam
1416 2073 1524 2146 super
1548 2047 1603 2121 bis
1637 2049 1732 2122 sacto
1773 2063 1993 2124 sacramento
2020 2049 2116 2122 calu·

340 2169 371 2219 1⁵
390 2151 503 2222 niniae
528 2150 645 2246 possit
672 2159 771 2221 actor
800 2151 973 2224 actionem
1002 2150 1207 2244 emendare,
1234 2162 1275 2223 ut
1300 2151 1430 2224 (lictum
1457 2159 1512 2222 est
1532 2151 1576 2243 ⁴).
1628 2153 1762 2224 Verum
1789 2153 1952 2248 superior
1976 2163 2116 2224 senteu-

390 2252 438 2323 tia
467 2252 581 2325 verior
606 2261 661 2323 est
687 2263 722 2326 et
748 2251 873 2324 melior
889 2251 949 2350 5),
986 2251 1057 2324 Sed
1090 2255 1139 2324 ita
1173 2253 1379 2326 conceditur·
1412 2253 1523 2326 actori
1555 2253 1729 2326 actionem
1761 2253 1946 2326 emendare
1979 2256 2017 2324 in
2044 2277 2116 2324 am·

391 2353 502 2451 plius,
532 2351 629 2450 qnod
647 2350 852 2427 beneficium
875 2352 1141 2426 deliberationis
1159 2358 1207 2427 sit
1223 2356 1361 2426 salvum
1381 2381 1442 2427 reo
1467 2367 1503 2427 et
1525 2377 1639 2428 novae
1659 2355 1817 2428 induciae
1837 2355 1967 2428 dentur
1988 2354 2056 2426 sibi
2074 2353 2117 2445 6).

306 2455 340 2554 5.
352 2451 387 2524 5.
491 2454 527 2555 5.
547 2459 576 2545 ¹)
628 2456 674 2526 Et
708 2457 792 2552 quia
825 2456 919 2530 laeta
944 2458 1091 2528 actionis
1126 2457 1279 2531 editione
1309 2458 1469 2554 sequitur
1501 2457 1538 2528 in
1569 2458 1625 2528 ius
1653 2458 1813 2548 vocatio,
1854 2459 1980 2530 merito
2007 2455 2051 2527 de
2076 2479 2117 2528 ea

389 2556 447 2631 hio
472 2556 603 2656 aliquid
629 2558 837 2630 inseramus.

432 2809 491 2894 39)
534 2832 633 2892 neque
651 2816 753 2892 pretio
768 2845 810 2856 -
825 2845 865 2858 -
880 2811 1022 2873 alicuius.
1039 2845 1081 2858 ·-
1095 2809 1133 2874 P.
1145 2810 1174 2874 l.
1186 2809 1221 2873 Β.
1373 2807 1426 2874 Gl'.
1443 2811 1573 2875 Bomos.
1585 2812 1631 2877 tit.
1642 2809 1692 2875 10.

392 2931 521 2998 „neque
535 2911 643 2996 pretio
658 2910 713 2976 vel
728 2911 804 2976 odio
819 2930 895 2996 neq.
905 2930 966 2976 am.
975 2929 1005 2974 v.
1015 2930 1047 2996 g.
1057 2913 1106 2976 αἶ’
1124 2947 1165 2960 -
1180 2907 1221 2974 G.
1332 2909 1369 2992 Β)
1413 2918 1577 2975 emendare
1591 2916 1670 2975 ticet.
1693 2909 1801 2975 Aliter
1816 2910 1949 2995 qnidam
1964 2909 2060 2977 codd.
2078 2943 2117 2956 -

393 3031 521 3098 „neque
545 3013 652 3096 pretio
673 3029 748 3098 neq.
770 3011 880 3097 gratia
901 3031 977 3098 neq.
999 3031 1114 3079 amore
1140 3001 1217 3096 neq.
1289 3009 1537 3092 linamentum
1557 3011 1636 3080 licet
1652 3023 1685 3078 et
1703 3022 1838 3078 moure.
1855 3009 1885 3098 5.
1898 3011 2116 3076 Emendare.”

393 3113 491 3180 „odio
506 3114 604 3178 αἶ’-ὲ
618 3113 655 3177 Β.
672 3133 768 3198 „neq
784 3111 930 3178 odioval
945 3111 1129 3180 amorevel
1144 3131 1220 3197 gra·
1290 3111 1427 3192 (similit.
1450 3112 1488 3178 G.
1514 3125 1568 3180 „et
1588 3133 1651 3178 em.
1667 3113 1686 3179 l.
1703 3125 1792 3180 etm.
1807 3113 1984 3195 Emendf')
2010 3149 2051 3160 —
2080 3111 2116 3175 P.

358 3251 374 3300 5
392 3219 459 3280 „tia
474 3216 522 3280 a.”
1295 3213 1321 3278 l.
1336 3215 1366 3280 2.
1380 3217 1583 3280 „emendare
1598 3215 1676 3282 licet
1697 3225 1730 3281 et
1748 3217 1905 3280 mutare.’'
1919 3251 1962 3262 -
1975 3233 2038 3278 nec
2051 3233 2118 3278 non

434 3315 492 3400 tu)
538 3315 775 3392 Quaerendum
789 3326 858 3396 est,
878 3335 958 3380 num
973 3336 1033 3394 ea,
1059 3334 1146 3400 quae
1159 3313 1225 3380 boc
1292 3319 1419 3381 Dama.
1436 3327 1583 3384 arnume
1599 3328 1632 3382 et
1647 3317 1856 3382 emendare?
1879 3349 1922 3364 -
1949 3314 1994 3380 At
2008 3315 2117 3398 ipsum

390 3414 469 3482 loco
490 3437 558 3482 non
579 3419 662 3483 satis
685 3427 763 3502 apto
793 3417 834 3482 de
857 3417 1083 3483 instrumentis
1104 3417 1226 3484 tradita
1290 3416 1421 3485 Pilliurn
1439 3418 1496 3486 illc
1516 3419 1620 3486 verbo
1646 3417 1815 3482 „mutare”
1834 3415 1864 3480 h.
1880 3415 1902 3480 l.
1917 3415 2007 3482 lraud
2020 3436 2118 3482 usum

393 3527 489 3596 sunt,
519 3518 585 3601 ipsi
600 3517 695 3585 Pillio
715 3519 860 3584 tribuere
884 3518 1083 3594 debeamus3
1111 3527 1144 3582 et
1163 3519 1223 3584 du-
1291 3539 1385 3602 esse,
1417 3529 1484 3586 tota
1497 3519 1655 3606 loquendi
1669 3521 1772 3600 ratio,
1801 3538 1900 3604 quarn
1914 3519 1949 3582 in
1962 3516 2028 3583 bui.
2044 3515 2117 3602 §.d

394 3619 583 3686 bitationem
605 3629 729 3705 augeat
750 3625 795 3684 10.
810 3621 912 3684 Andr.
935 3621 1040 3686 verba
1061 3619 1106 3686 ud
1120 3622 1159 3683 Β.
1175 3644 1223 3702 sp.
1292 3633 1445 3690 eontextn
1460 3633 1493 3690 et
1506 3623 1541 3688 in
1555 3619 1623 3708 §.Z
1633 3629 1770 3686 secutus
1784 3629 1848 3700 est,
1864 3619 1995 3686 abunde
2012 3618 2117 3684 docet

345 3752 376 3805 ,θ
393 3720 487 3786 libi.
503 3722 616 3807 p.2.in
630 3707 721 3786 rubr.
738 3719 780 3786 de
795 3721 1222 3803 instrumentor.edit.,‚l'il·
1331 3725 1369 3810 3)
1412 3729 1580 3789 totondere.
1594 3721 1632 3786 Β.
1649 3719 1687 3786 G.
1705 3731 1738 3785 et
1752 3725 1881 3786 Danas.
1904 3755 1946 3768 -
1969 3718 2023 3784 At
2041 3737 2117 3784 „ex-

395 3822 481 3889 nlius
495 3843 561 3889 non
577 3821 657 3890 lecit
671 3824 714 3888 de
722 3823 949 3888 instrumentis
964 3824 1144 3905 rubricam,
1159 3827 1222 3892 sed
1291 3827 1479 3895 „tendere”
1492 3823 1568 3891 Pu.
1583 3857 1625 3872 —
1640 3823 1878 3907 „procedere”
1895 3821 1968 3887 Ρ.1.

394 3926 449 3990 »in
467 3925 513 3990 tit.
536 3925 579 3990 de
601 3924 818 4010 probationib.
839 3922 914 3990 ins.
937 3926 979 3990 de
994 3926 1057 3992 hoc
1072 3930 1222 3996 uastauit
1331 3929 1372 4010 4)
1417 3927 1468 3994 Cf.
1483 3937 1549 3992 not.
1564 3924 1613 3989 11.
1630 3924 1673 3990 ad
1688 3923 1817 4008 bpart.
1833 3922 1865 4009 5.
1880 3923 1909 3985 7.

396 4035 450 4090 „et
463 4027 639 4109 modicum,
654 4027 730 4092 item
746 4028 831 4094 intit.
845 4027 888 4092 de
901 4028 1008 4093 testib.
1025 4029 1223 4115 subscriptis
1330 4031 1371 4115 5)
1415 4034 1574 4094 cimelior.
1590 4026 1671 4090 Μ.
1688 4025 1727 4091 G.
1743 4021 1947 4090 -Ab.aB.
1973 4056 2014 4069 -
2040 4021 2075 4085 Ρ.
2091 4021 2118 4084 1.

396 4128 449 4192 „in
470 4129 715 4194 instrumento?
736 4127 828 4212 (Vid.
843 4128 964 4213 purt3.
981 4127 1050 4215 Μ.
1067 4131 1132 4216 lt)
1152 4131 1224 4198 Sed
1290 4130 1321 4196 h.
1337 4129 1358 4194 l.
1374 4131 1472 4215 plura
1486 4151 1550 4195 om.

346 4251 378 4304 ι)
396 4249 471 4296 curu
493 4249 610 4311 parum
628 4229 756 4296 firmum
785 4231 827 4296 sit
852 4242 1079 4316 argarmentum
1102 4255 1144 4300 ex
1163 4233 1223 4300 tali
1332 4232 1370 4316 6)
1415 4231 1473 4317 Sp.
1489 4232 1584 4295 add:
1615 4229 1697 4294 „llic
1723 4225 1839 4311 quaeri
1860 4226 2053 4304 consuevit,
2075 4243 2118 4288 an

395 4330 629 4416 praeteritione
657 4352 791 4412 eorum,
829 4353 914 4419 quae
945 4332 1010 4400 alio
1036 4334 1111 4402 loeo
1134 4337 1223 4402 dieta
1292 4334 1411 4399 „iudex
1432 4331 1619 4397 terminabit
1638 4329 1778 4412 primam
1801 4316 1990 4408 petitionem
2012 4334 2044 4388 et
2064 4343 2117 4387 se-

394 4430 536 4512 fuerint‚
565 4433 821 4516 desumendum,
850 4437 1001 4521 adeoque
1016 4437 1089 4519 ipse
1106 4449 1224 4502 noster
1291 4435 1456 4500 „cundum
1470 4453 1537 4498 una
1551 4427 1735 4496 sententia?
1749 4429 1827 4492 item
1840 4447 1916 4493 cum
1931 4427 1995 4491 sint
2010 4423 2118 4488 duae”

396 4533 541 4620 aliquam
571 4534 689 4600 saltem
717 4534 815 4602 huius
842 4537 906 4602 looi
926 4538 1121 4621 particulam
1140 4537 1222 4604 alle-
1293 4535 1397 4626 (Alit
1414 4533 1512 4598 codd.
1544 4551 1640 4597 „cnm
1665 4530 1731 4594 sint
1752 4549 1795 4593 an
1817 4529 1882 4598 sint
1903 4525 2019 4593 duces*
2042 4525 2117 4590 P.l.

397 4655 501 4719 gasse
533 4637 700 4717 videatur,
731 4638 865 4723 (panss.
889 4637 978 4726 §.12
1002 4660 1090 4706 vers.
1123 4637 1225 4702 „Post
1292 4672 1334 4682 -
1357 4655 1420 4699 „an
1446 4635 1512 4700 sint
1534 4633 1652 4696 duae.·'·’
1671 4631 1710 4697 B.
1739 4631 1775 4696 P.
1794 4632 1824 4695 Β.
1849 4665 1890 4682 -
1917 4647 1980 4692 „an
2003 4627 2117 4692 duss.”

345 4755 380 4808 au
398 4737 503 4804 »haec
518 4738 649 4822 quidem
662 4740 896 4822 instrumenta,
926 4777 967 4787 -
982 4775 1023 4788 -
1040 4759 1124 4826 quae
1140 4736 1225 4821 parti
1295 4735 1572 4819 G.)„petitiones,
1586 4731 1881 4800 velunamtantnrn
1889 4725 2117 4794 mutarelicett

398 4841 583 4906 „adversae
598 4852 674 4908 sunt
687 4845 834 4926 edenda,
861 4853 961 4928 prout
975 4841 1131 4926 superius
1147 4857 1225 4904 con·
1296 4837 1403 4900 „sicut
1416 4833 1504 4901 iufra
1518 4834 1648 4920 plenius
1663 4833 1827 4900 invenitur
1840 4827 2058 4914 expositum.”

396 4943 579 5026 ndnetur.'’)
608 4946 716 5012 omnia
752 4967 794 5013 ea
826 4939 1010 5012 retinenda
1027 4960 1106 5006 esse
1130 4950 1221 5024 puto,
1335 4937 1370 5018 l)
1415 4935 1449 4998 P.
1459 4936 1489 5000 2.
1498 4936 1597 5001 insor.
1614 4936 1686 5000 „De
1699 4936 1732 4999 in
1745 4937 1798 4999 ius
1810 4930 2013 4996 vocatione?
2023 4927 2076 5011 (P.
2087 4928 2115 4992 1.

394 5063 481 5128 quae
497 5045 530 5110 in
545 5055 698 5115 contextu
713 5051 825 5131 posita
839 5057 925 5112 sunt
1292 5037 1364 5102 »De
1379 5037 1684 5122 usucapionibus.’')
1694 5069 1734 5080 —-
1745 5032 1786 5098 G.
1803 5032 1876 5098 „De
1890 5032 1922 5094 in
1937 5031 1990 5092 ius
1998 5049 2117 5094 vocan-

439 5147 474 5231 1)
516 5147 553 5212 Β.
575 5148 673 5215 inser.
695 5147 767 5213 „De
789 5150 823 5212 in
845 5148 899 5212 ius
921 5142 1104 5208 vocando.’'
1149 5141 1221 5206 Vid.
1292 5139 1384 5202 „do”
1403 5176 1444 5186 -
1466 5138 1504 5204 Β.
1535 5138 1608 5204 ..be
1629 5131 1873 5200 mutationevel
1889 5131 2117 5196 emendatione

394 5249 494 5314 uotl.
512 5251 554 5316 ad
570 5269 641 5336 seq.
663 5249 729 5334 55.
1292 5242 1488 5308 actionum.'’
1497 5238 1549 5304 Cl.
1557 5236 1712 5301 not.l.ad
1721 5233 1751 5320 §.
1760 5235 1789 5298 4.
1806 5270 1843 5282 -
1861 5231 2115 5298 10.Aodr.ad1}.
