4786 5962
378 581 422 656 26
584 515 591 532 Ι
953 577 1039 646 Pillii
1067 579 1111 646 de
1139 579 1208 644 ord.
1237 577 1385 644 indicior.
1428 577 1465 643 P.
1478 578 1509 642 2

381 771 555 868 canditi03
582 781 617 844 et
642 769 721 844 ideo
748 770 800 844 sic
825 769 932 864 dicta,
960 770 1043 868 quir
1068 765 1138 839 snb
1161 765 1361 841 conditione
1389 765 1645 866 opponebatur.
1671 779 1710 840 nt
1733 769 1816 862 big.
1843 797 1873 844 e.
1899 781 1924 841 ι.
1949 769 1974 841 l.
1994 769 2101 841 'exce

381 875 466 974 ptio.
480 871 542 948 22.
569 871 657 972 (pr.)
707 875 753 946 Et
789 872 1002 964 notandum,
1035 869 1133 969 quod
1165 895 1290 942 omnes
1322 872 1547 968 exceptiones
1579 867 1696 941 tribus
1726 872 1840 942 modis
1873 869 2101 969 opponeban-

380 989 440 1050 tur
457 978 512 1070 ³),
539 988 641 1075 puta:
667 987 728 1048 aut
754 977 837 1076 qaia
863 973 995 1047 iactum
1022 984 1099 1065 est,
1127 971 1225 1069 qnod
1249 969 1326 1043 lieri
1354 974 1534 1070 oportuit,
1561 983 1623 1043 aut
1649 973 1732 1070 quia
1756 972 1888 1046 lamam
1914 975 1978 1067 sit,
2006 973 2103 1072 (prod

381 1079 457 1152 lieri
484 1103 556 1152 non
582 1080 762 1176 aportuit,
802 1086 863 1149 ant
891 1076 975 1174 quia
999 1071 1131 1147 factum
1161 1074 1331 1167 nonsit,
1373 1075 1472 1172 qnod
1497 1073 1574 1145 lieri
1599 1071 1769 1147 debuerit.
1820 1079 1959 1148 Horum
1987 1101 2102 1148 exem·

348 1179 443 1280 apla
468 1181 636 1274 invenies,
663 1181 791 1272 lector,
819 1179 854 1249 in
882 1177 961 1272 big.
988 1199 1018 1248 ι.
1047 1187 1079 1296 ι..
1099 1175 1123 1247 l.
1149 1176 1388 1296 exceptiones.
1400 1173 1522 1248 tit—
1539 1175 1737 1272 Replicatio
1764 1187 1820 1249 est
1846 1179 2020 1251 corbaria
2041 1201 2103 1250 ex·

381 1293 530 1458 iiiii.
556 1275 1882 1477 iiiiiitiii...2¹‘li‘¹iaiiii.“.i.};.⁶¹iiii.i².iiii
1905 1275 2103 1480 illibi

382 1481 701 1582 rachiperti.
728 1482 762 1584 5
771 1481 806 1556 2.
825 1478 953 1583 (l.)-·
991 1483 1081 1556 Item
1107 1507 1173 1580 per
1198 1483 1440 1580 exceptionem
1465 1483 1595 1555 actoris
1621 1483 1768 1555 intentio
1794 1483 2012 1578 infringitur,
2039 1507 2104 1579 per

380 1588 645 1688 replicationem
672 1586 850 1659 relevatur
878 1594 916 1657 et
940 1584 992 1656 rei
1018 1609 1081 1658 cxc
1128 1585 1179 1656 tio
1212 1585 1406 1681 perimitur.
1441 1596 1482 1656 nt
1512 1587 1599 1657 lust.
1625 1583 1670 1656 dc
1694 1583 1902 1682 replicati,
1927 1583 1987 1658 ll.
2017 1583 2053 1683 5.
2070 1580 2104 1654 l.

333 1721 365 1774 io
383 1689 452 1790 (pr.
478 1692 515 1764 in
539 1690 582 1789 i.)
611 1699 647 1761 ct
673 1687 754 1782 big.
780 1687 825 1760 de
851 1610 1127 1783 excepi.ld,el'.
1151 1681 1225 1757 lb.
1251 1684 1301 1784 (5.
1321 1683 1355 1758 l.
1380 1683 1432 1784 2.)

482 1796 571 1866 ltem
593 1793 629 1861 in
654 1814 790 1861 summa
816 1789 996 1861 sciendum
1021 1799 1096 1881 est,
1133 1787 1230 1887 qnod
1257 1813 1379 1860 omnes
1406 1788 1655 1886 exceptiones,
1683 1813 1773 1888 quae
1797 1815 1859 1862 reo
1886 1799 2105 1886 competunt,

380 1893 575 1970 lideinssori
603 1916 674 1989 quo
704 1916 745 1963 ne
772 1901 999 1989 competunt,
1039 1915 1101 1962 reo
1128 1891 1233 1963 etiam
1259 1889 1381 1962 inrito.
1414 1903 1454 1962 ιιι
1480 1891 1559 1986 big.
1582 1915 1614 1965 c.
1639 1904 1664 1964 ι.
1690 1891 1714 1962 l.
1742 1916 1872 1964 omnes.
1886 1887 1945 1963 l9.
1970 1901 2007 1964 et
2032 1915 2104 1983 arg.

380 1995 469 2070 Cod.
499 2021 529 2066 e.
556 2005 581 2066 t.
595 1987 634 2086 8,
716 1992 774 2064 .l.
800 1993 1033 2066 defensiones.
1050 1993 1084 2092 ι)
1112 1989 1171 2064 ll.

297 2097 331 2196 5.
340 2093 376 2168 ii.
478 2093 562 2196 51)
615 2095 859 2168 Tractavimns
885 2119 1013 2192 snpra,
1054 2093 1149 2194 quod
1179 2119 1262 2166 reus
1294 2094 1332 2164 in
1358 2095 1455 2166 initio
1483 2093 1556 2165 litis
1583 2105 1704 2192 potest
1736 2107 1772 2167 et
1797 2092 1905 2166 debet
1931 2119 2014 2167 suas
2041 2121 2103 2166 ex·

332 2197 561 2295 acceptiones
589 2219 780 2296 opponere.
831 2195 903 2268 Sed
920 2197 951 2287 2)
981 2197 1048 2269 alio
1080 2195 1186 2268 modo
1213 2205 1335 2293 potest
1364 2194 1433 2267 sibi
1464 2207 1549 2268 tunc
1576 2195 1783 2290 consulere,
1823 2207 1910 2294 puta
1933 2219 2103 2270 reconve-

382 2299 511 2372 niendo
537 2312 691 2373 actorem
717 2309 800 2372 ante
832 2297 980 2372 eundern
1008 2297 1176 2393 indicem,
1209 2300 1239 2370 si
1264 2297 1349 2370 velit
1366 2296 1419 2394 ³),
1462 2298 1559 2396 quod
1585 2302 1618 2372 ei
1644 2324 1727 2371 mox
1754 2299 1991 2396 permittitur,
2027 2300 2050 2369 i.
2075 2323 2104 2368 ι.

382 2411 462 2474 anic
487 2400 582 2476 litem
611 2411 863 2494 contestatam,
903 2400 1051 2473 iudicem
1078 2423 1222 2499 qnoque
1254 2425 1427 2472 recusare.
1458 2411 1499 2472 nt
1523 2401 1558 2469 in
1584 2400 1690 2473 antia
1715 2401 1797 2474 coll.
1815 2397 1850 2472 ⁷.
1876 2401 1930 2472 tit.
1956 2401 2000 2473 de
2025 2426 2105 2473 exc·

382 2501 531 2576 cutorib.
557 2503 679 2604 etqui
706 2513 773 2576 etc.
798 2499 833 2602 5.
858 2503 1042 2576 sancimus.
1067 2503 1173 2592 (Nor.
1183 2499 1244 2576 96.
1271 2499 1343 2575 ab.
1369 2499 1404 2602 5.
1421 2499 1470 2593 i.)
1494 2513 1531 2574 et
1556 2504 1593 2573 in
1618 2505 1665 2575 X.
1689 2529 1802 2601 papae
1828 2503 1922 2575 tertii
1948 2503 2104 2576 Alexan-
2186 2537 2193 2550 ν

381 2603 447 2679 dri.
465 2607 497 2695 ⁴)
522 2607 700 2678 miramur.
718 2601 763 2703 δ).
822 2605 865 2677 ln
894 2601 961 2676 bac
991 2605 1263 2678 reconventione
1296 2605 1396 2704 prius
1429 2601 1687 2677 contestabitur
1721 2606 1765 2676 lis
1797 2629 1906 2703 snper
1939 2605 2104 2704 petitione

423 2857 460 2942 3)
504 2861 743 2942 opponebantur.
759 2853 797 2922 B.
812 2853 887 2920 Pa.
904 2853 943 2921 G.
957 2890 999 2903 -
1020 2851 1213 2944 A1.„exp0-
1282 2859 1315 2923 in
1336 2855 1410 2922 coll
1433 2854 1575 2944 Gregor.
1604 2894 1647 2908 -
1674 2857 1833 2924 Alexand.
1849 2855 1880 2922 3.
1908 2858 2052 2944 plebano
2074 2863 2107 2918 et

386 2959 557 3024 ”intantum”
571 2956 609 3023 P.
621 2959 649 3024 1.
1282 2957 1414 3032 clericis
1429 2957 1591 3025 Maturen.
1607 2959 1788 3026 „Miramur
1801 2959 1978 3044 plurimum
1993 2967 2025 3024 et
2039 2979 2106 3022 mo·
2168 3024 2171 3032 ,

423 3057 460 3142 ιι)
503 3064 706 3146 defensiones.
722 3057 852 3124 ita-
865 3057 919 3124 Al.
936 3058 1213 3130 „Refensiones”
1283 3073 1435 3140 uremur,
1465 3063 1645 3145 quodcum
1661 3081 1816 3142 eausam,
1846 3079 1932 3147 quac
1946 3060 2106 3126 intervos

383 3157 421 3226 Ρ.
432 3159 460 3226 1.
476 3193 519 3212 ··-
534 3161 587 3228 »ι’
602 3157 866 3228 caniculares?
881 3159 920 3224 B.
934 3195 976 3210 -
992 3163 1213 3232 »intercessu
1283 3171 1337 3228 „et
1350 3160 1490 3228 dilectos
1502 3161 1587 3229 lilios
1600 3173 1745 3241 nostros,
1763 3164 1916 3230 abbatem
1933 3171 1966 3227 et
1984 3160 2106 3227 iratres

351 3263 498 3327 s„res.”
515 3261 554 3328 G.
1286 3263 1508 3330 „Maturensis
1522 3267 1714 3333 monumenti
1728 3266 1874 3346 vertitur,
1890 3263 2018 3330 dilectis
2032 3261 2107 3329 filiis

468 3361 506 3428 P.
520 3363 550 3427 2.
572 3363 666 3430 adda
697 3362 782 3430 anisi
809 3349 941 3453 qubndo
962 3367 1091 3432 debitor
1112 3367 1217 3432 cessit
1285 3365 1451 3445 snosuis,
1479 3364 1774 3454 archipresbytero
1788 3366 1968 3432 Volterano
1994 3375 2028 3432 et
2049 3365 2105 3430 ab·

387 3463 521 3546 ebonis,
550 3473 586 3530 ut
610 3465 643 3530 in
666 3465 730 3532 alio
753 3475 924 3533 contractu
949 3467 991 3534 de
1012 3469 1159 3550 except.”
1174 3505 1216 3518 -
1288 3467 1377 3532 „bati
1392 3468 1434 3532 de
1454 3465 1604 3553 Spongia
1617 3468 1900 3536 commisissemus
1913 3466 1980 3532 fine
1996 3466 2107 3534 debito

386 3565 548 3648 Suspicor
559 3585 646 3648 eum,
663 3567 718 3654 qui
731 3567 796 3633 iata
811 3569 944 3650 addidit,
960 3569 1059 3634 aliurn
1075 3577 1213 3636 „tracta-
1284 3567 1558 3650 „terminandam
1580 3578 1613 3636 et
1630 3569 1737 3636 abbas
1752 3578 1785 3634 ιι
1798 3567 1918 3636 fratres
1932 3572 2038 3654 parati
2053 3590 2107 3635 es·

387 3667 493 3732 „tum”
509 3665 551 3732 de
567 3667 786 3752 exceptionib.
802 3667 950 3756 allegare
964 3667 1123 3736 voluisse.
1283 3680 1379 3738 „sent
1399 3670 1555 3736 indicium
1574 3689 1689 3736 eornm
1703 3673 1836 3752 subire,
1865 3673 1971 3738 sivos
1986 3671 2037 3736 eis
2052 3693 2107 3737 sn·
2220 3721 2229 3740 .

337 3791 369 3840 to
431 3767 479 3850 1),
510 3765 549 3834 B.
558 3767 595 3834 P.
606 3769 632 3834 1.
649 3769 928 3846 insenoQualiter
941 3781 974 3836 et
985 3773 1118 3858 quando
1132 3791 1213 3838 reus
1282 3792 1366 3856 sper
1380 3772 1648 3858 quaestionibus,
1670 3793 1754 3860 quas
1775 3775 1940 3840 adversus
1953 3793 2016 3839 vos
2031 3795 2106 3859 pro-

388 3879 441 3934 „et
463 3871 570 3956 possit
592 3879 625 3936 et
648 3870 769 3936 debeat
794 3880 943 3938 actorem
966 3873 1214 3938 reconvenire.”
1283 3883 1445 3958 sponsat,
1465 3875 1634 3942 deberetis
1648 3877 1682 3941 in
1696 3876 1870 3942 continenti
1885 3878 2107 3959 responderes

387 4003 427 4020 ·-
436 3971 473 4036 P.
481 3973 511 4036 ι.
526 3974 560 4038 in
574 3971 956 4070 mediaueantextuspost
969 3973 1045 4040 add.
1062 3973 1095 4040 in
1110 3985 1174 4040 not.
1182 3974 1213 4040 4.
1282 3995 1377 4058 nvos,
1392 3979 1479 4043 sicut
1491 3977 1591 4043 iidem
1604 3977 1734 4044 iudices
1744 3978 1841 4043 nobis
1854 3975 1959 4072 literis
1973 3977 2044 4062 suis
2059 3977 2106 4041 in-

387 4071 430 4137 ad
446 4069 535 4160 5.ι.)
552 4073 712 4160 „qualiter
733 4085 767 4140 et
787 4078 918 4160 quando
941 4094 1021 4142 reus
1041 4077 1116 4143 deb.
1138 4097 1214 4143 con·
1284 4079 1519 4158 stimaverunt‚
1548 4080 1581 4144 id
1611 4077 1748 4146 efficere
1775 4077 1938 4144 noluistis.
1982 4078 2107 4144 Verum

389 4171 525 4242 »renim
547 4177 628 4240 act”
651 4209 690 4224 -
710 4175 752 4242 G.
776 4175 849 4244 „De
870 4179 1159 4246 reconventione.”
1174 4215 1215 4225 -
1284 4180 1459 4262 „quoniam
1473 4183 1610 4248 rationis
1626 4181 1834 4264 ordoexigit,
1849 4181 1954 4266 utqui
1969 4179 2108 4247 sibivtdt

340 4289 370 4342 ta
388 4279 433 4342 10.
448 4275 551 4340 Andr.
569 4281 613 4340 ιιι
626 4279 664 4340 B.
679 4297 726 4358 ap.
742 4275 797 4342 lib.
805 4279 835 4344 ι.
857 4280 917 4364 p.l
943 4281 976 4346 in
995 4279 1086 4346 rubr.
1101 4281 1144 4344 de
1163 4300 1215 4344 re·
1285 4282 1347 4347 »ab
1377 4280 1442 4348 alio
1462 4284 1618 4350 iustitiam
1639 4283 1808 4362 exbiberi,
1838 4283 1868 4348 ei
1889 4301 1956 4346 non
1976 4283 2106 4361 debeat,

306 4368 311 4378 '
388 4378 615 4446 conventione.
638 4375 774 4444 „Piiiius
796 4376 876 4446 iecit
895 4381 985 4447 rnbr.
999 4383 1033 4447 in
1052 4393 1145 4466 parte
1161 4401 1215 4448 se·
1283 4385 1395 4470 equod
1409 4385 1531 4451 iustum
1546 4397 1613 4467 est,
1637 4387 1822 4470 denegare:
1851 4383 1925 4449 irat.
1939 4403 1970 4448 r.
1986 4405 2017 4468 p.
2032 4403 2064 4448 a.
2080 4403 2106 4446 s.

390 4481 537 4546 „condar
553 4477 695 4566 qualiter
709 4489 742 4546 et
755 4481 888 4568 quantia
902 4481 959 4548 liat
973 4485 1215 4551 reconventio.”
1284 4507 1355 4572 apr.
1369 4507 1410 4552 m.
1427 4509 1459 4574 q.
1466 4489 1609 4568 actione,
1626 4507 1723 4574 quarn
1737 4487 1902 4553 adversus
1916 4483 2106 4571 praedictos

431 4579 468 4662 2)
512 4579 552 4646 G·
566 4581 641 4647 add.
659 4581 741 4646 „eb”
1284 4589 1457 4655 »abbatem
1480 4601 1512 4654 et
1533 4587 1655 4655 iratres
1677 4589 1860 4670 intenditis,
1889 4586 2061 4671 proposita
2074 4599 2108 4651 ιι

432 4679 472 4756 3)
515 4689 545 4744 ri
558 4689 635 4748 vetit.
652 4683 748 4770 qnasi
756 4683 877 4750 dictum
893 4687 952 4751 sit:
969 4698 1097 4770 „potest
1106 4689 1215 4769 etiarn,
1283 4689 1772 4777 „responsioneinctaeisdcm
1785 4692 1895 4756 abbati
1909 4684 2107 4752 etfratribus

341 4792 374 4844 io
393 4783 441 4848 „si
457 4779 536 4848 velit
551 4785 631 4848 etc.”
646 4783 712 4868 (Cf.
729 4783 761 4871 §.
794 4787 886 4870 .pr.)
929 4787 1053 4854 Verum
1068 4787 1214 4855 sortasse
1283 4815 1419 4860 „coram
1435 4793 1616 4876 praedictis
1636 4793 1799 4858 indicibus
1813 4789 1847 4853 in
1862 4789 2038 4855 continenti
2053 4809 2106 4851 re·

391 4883 603 4949 scribendum
618 4896 685 4951 cst:
701 4888 786 4953 anisi
800 4886 878 4954 velit
895 4923 928 4938 -
946 4927 989 4937 -
1005 4891 1147 4964 iudicem
1162 4911 1213 4958 re·
1283 4895 1517 4979 respondeatis,
1546 4904 1582 4957 ut
1603 4915 1707 4960 causa
1721 4902 1835 4958 vestra
1849 4901 1883 4955 et
1896 4891 2045 4975 ipsorum
2060 4890 2106 4953 vi·

392 4985 565 5054 „sumre”
1284 4999 1418 5063 „cissim
1440 4996 1650 5078 postmodum
1676 4993 1781 5059 audiri
1810 4991 1930 5057 debeat
1947 4999 1980 5055 et
1996 4993 2102 5054 tenni·

433 5083 470 5166 ι)
513 5085 552 5152 Β.
572 5085 666 5152 add:
704 5089 766 5153 ede
794 5091 916 5157 mutuis
946 5095 1033 5175 pet.'‘
1077 5094 1126 5161 Cf.
1149 5109 1213 5163 not.
1284 5097 1387 5163 suari.
1416 5095 1487 5161 Nos
1503 5101 1590 5162 enirn
1605 5097 1731 5162 eisdem
1747 5095 1909 5159 indicibus
1923 5092 1955 5155 in
1971 5094 2106 5158 manda·

392 5207 463 5272 s‘'il·
479 5185 511 5250 5·
1285 5199 1346 5262 »tis
1361 5199 1532 5279 dedimus,
1562 5209 1597 5262 nt
1621 5215 1683 5260 vos
1713 5197 1755 5260 ad
1787 5197 1819 5259 id
1844 5193 2029 5258 faciendum
2058 5195 2106 5259 in·

341 5309 373 5360 to
433 5285 471 5364 li)
514 5287 1214 5384 caii.i.den1ut.pet.t,t.nonrecept
1286 5313 1433 5366 „stanter
1456 5309 1609 5366 moneant
1628 5309 1660 5363 et
1682 5301 1873 5364 anctoritate
1888 5306 2002 5360 nostra
2018 5317 2106 5360 conr-
