4788 5956
399 546 464 611 321
987 531 1124 597 Gratiae
1139 530 1182 596 ds
1196 528 1347 596 indicia.
1361 528 1434 594 ord.
1463 528 1502 593 P.
1519 530 1549 593 l.

320 735 403 836 51.
506 733 541 833 5.
592 730 708 804 nebel
732 749 883 823 namque
907 733 1007 792 attur
1032 743 1099 815 per
1134 741 1174 788 se
1203 717 1261 790 vel
1293 743 1359 816 per
1383 729 1652 816 procuratorem
1685 720 1896 814 legitimum,
1928 719 1981 790 'ad
2007 720 2124 791 onnia

405 841 620 909 sustinentes
645 836 876 918 instructum,
916 850 957 894 se
982 823 1088 892 iudici
1123 834 1349 916 praesentare
1376 848 1456 893 cum
1483 821 1606 893 libello
1632 825 1895 921 querimoniae,
1933 826 2125 919 ipsumque

405 943 511 1013 iudici
540 940 694 1029 offerre,
721 933 762 1004 C.
780 928 818 1002 5.
836 933 872 1025 ²)
901 954 936 1024 q·
952 921 990 994 5.
1017 950 1048 994 c·
1075 923 1256 993 offeratur·
1284 921 1390 1018 (tt-4·
1416 924 1452 1022 5
1465 920 1521 1015 5.)
1575 926 1622 996 X.
1651 929 1695 998 G.
1730 927 1777 998 de
1809 925 1872 996 lib.
1907 921 2123 1018 0513ιῆ5.

406 1069 437 1115 c.
453 1041 486 1116 1.
505 1036 540 1144 ³)
568 1053 603 1112 et
631 1065 661 1111 c.
685 1037 745 1106 lin.
763 1036 815 1129 ⁴);
855 1041 891 1102 ct
915 1052 1034 1100 com
1067 1049 1110 1096 eo
1137 1025 1342 1122 simpliciter
1371 1053 1436 1122 per
1467 1051 1507 1097 se
1539 1025 1672 1099 laetum
1698 1039 1897 1126 proponat,
1934 1028 1982 1097 X.
2009 1028 2053 1097 G.
2079 1027 2124 1098 de

372 1140 570 1237 sinum
590 1167 621 1215 c.
640 1135 841 1238 pastoralis.
858 1129 918 1203 11.
937 1134 991 1226 5))
1027 1139 1063 1200 ct
1087 1137 1186 1224 petat
1212 1153 1311 1198 reum
1338 1129 1457 1220 citari,
1484 1128 1541 1200 vel
1566 1128 1611 1200 de
1637 1157 1680 1203 eo
1705 1133 1874 1200 iustitiam
1900 1126 2070 1200 exhiberi.
2088 1119 2123 1228 6)

323 1249 405 1348 §.2
504 1245 541 1345 5.
591 1243 758 1340 Sequitur
784 1231 988 1333 „qnandn.’
1030 1231 1078 1300 Et
1105 1241 1160 1300 est
1184 1229 1388 1322 dicendum,
1418 1231 1516 1327 quod
1542 1229 1631 1301 hora
1656 1259 1822 1325 congrua.
1863 1233 1910 1303 Et
1937 1243 2035 1302 certe
2061 1228 2124 1302 lno-

405 1374 480 1422 ram
506 1371 697 1438 congruam
724 1338 962 1437 appellamus,
1008 1331 1152 1429 quando
1186 1331 1291 1402 index
1329 1333 1428 1403 sedet
1458 1359 1525 1429 pru
1557 1334 1726 1404 tribunali
1756 1335 1811 1406 rel
1843 1359 1916 1404 non
1949 1334 2017 1404 erit
2048 1332 2125 1401 alies

406 1452 557 1544 negotiis
591 1444 794 1543 impeditus.
827 1463 901 1530 arg.
925 1435 965 1506 C.
984 1431 1020 1504 Β.
1046 1460 1081 1530 q.
1097 1431 1135 1503 5.
1155 1436 1185 1522 7)
1211 1432 1248 1530 5.
1274 1439 1537 1530 praevaricator
1553 1437 1598 1533 5).
1676 1439 1896 1535 (lecupatum
1929 1461 2010 1506 eurn
2040 1434 2124 1504 dici·

406 1579 504 1644 mus,
539 1577 619 1624 cum
646 1573 727 1620 eum
755 1540 930 1632 contingit
954 1535 1054 1606 ltoris
1081 1535 1257 1606 canonicis
1291 1536 1348 1606 vel
1373 1538 1499 1608 olliciis
1526 1541 1731 1630 iuteresse,·
1754 1543 1834 1637 quia
1860 1551 1943 1609 tnnc
1966 1537 2126 1608 infestari

357 1676 390 1728 ιο
407 1681 480 1725 nou
500 1653 620 1744 debet,
634 1675 707 1740 arg.
724 1647 772 1716 X.
790 1647 833 1716 G.
856 1642 902 1712 de
919 1636 1086 1710 celebrat.
1104 1640 1242 1711 missar.
1257 1633 1298 1728 5,
1316 1636 1379 1707 11.
1394 1665 1424 1709 e.
1438 1638 1614 1712 dolentes.
1629 1639 1665 1711 9.
1684 1642 1740 1745 ⁹);
1762 1639 1945 1712 iteradum
1961 1639 2124 1727 comedit,

405 1761 592 1852 quiscum
618 1749 790 1837 comedit,
824 1769 940 1840 neque
968 1739 1158 1812 saecularis
1193 1764 1309 1835 neque
1343 1741 1515 1833 regularis
1550 1743 1656 1815 debet
1683 1745 1864 1835 infestari,
1904 1767 1978 1834 arg.
2005 1743 2052 1811 X.
2080 1743 2122 1810 G.

404 1849 449 1928 de
482 1880 641 1929 convers.
674 1849 811 1941 coniug.
828 1844 869 1936 5,
885 1841 947 1914 52
990 1869 1018 1912 c·
1055 1842 1199 1912 dudum.
1219 1841 1354 1945 31110)
1394 1846 1485 1913 llist.
1511 1842 1638 1943 1111)
1682 1872 1713 1917 c.
1753 1871 1825 1916 non
1871 1855 2053 1934 cogantur.
2066 1839 2126 1932 5.;

405 1961 488 2030 item
514 1960 559 2031 de
583 1969 687 2029 noete
714 1977 787 2022 nou
813 1947 919 2019 debet
944 1946 1023 2042 quis
1049 1943 1147 2016 adire
1172 1944 1333 2016 iudicem.
1362 1957 1402 2015 ut
1427 1946 1473 2016 X.
1496 1949 1541 2018 G.
1567 1947 1611 2020 tle
1636 1948 1699 2018 off.
1725 1947 1838 2040 deleg.
1853 1943 1958 2038 tta.
1984 1971 2014 2017 e.
2040 1969 2124 2016 con·

406 2059 596 2132 salutent.
616 2063 646 2112 ¹²

323 2165 404 2268 55.
507 2163 542 2262 5.
595 2061 765 2260 Seclquitur
790 2150 917 2247 „ubi”
969 2149 1017 2220 Et
1043 2161 1140 2220 certe
1165 2145 1214 2217 ibi
1239 2144 1346 2220 debet
1370 2148 1476 2220 iudex
1502 2151 1608 2245 adiri,
1641 2149 1704 2223 ubi
1729 2152 1830 2223 sedet
1853 2177 1920 2248 pro
1945 2148 2125 2240 tribunali,
2170 2215 2177 2220 .

407 2277 449 2338 ut
476 2267 639 2364 superius
666 2261 836 2350 ‹lixi-neq
876 2253 963 2322 alias
999 2274 1072 2321 nou
1097 2249 1204 2321 debet
1232 2251 1305 2346 peti
1336 2252 1505 2324 aindice.
1528 2268 1567 2325 nt
1593 2251 1686 2325 (1.5.
1715 2281 1751 2352 q.
1769 2252 1808 2324 5.
1835 2253 1870 2350 5.
1899 2255 2065 2349 spatium.
2091 2278 2125 2321 v.

406 2359 743 2464 aprocm2n1e13)
771 2352 790 2464 (
837 2355 875 2430 1.
901 2354 937 2451 5
954 2343 1012 2456 5.)
1066 2353 1169 2442 Quot
1203 2363 1321 2423 autem
1354 2352 1399 2424 de
1432 2353 1512 2430 loco
1547 2357 1721 2451 diximus,
1759 2358 1796 2427 in
1823 2356 2023 2448 ordinario,
2063 2356 2126 2454 qui

408 2483 543 2544 certum
569 2469 687 2542 locum
713 2460 839 2552 habet,
867 2457 1068 2555 specialiter
1092 2453 1276 2528 observari
1303 2467 1455 2551 oportet.

508 2571 580 2642 Sed
621 2564 720 2640 aliud
763 2565 799 2632 in
839 2559 1025 2651 delegato,
1078 2559 1140 2654 qui
1178 2569 1314 2627 certum
1352 2557 1470 2628 locum
1511 2587 1584 2633 nnn
1626 2558 1734 2631 habet
1777 2560 2004 2658 quandoque.
2079 2560 2127 2628 Et

356 2697 390 2750 ιο
406 2675 504 2766 ideo,
558 2671 707 2770 qualiter
745 2676 847 2736 actor
890 2685 930 2732 se
969 2658 1099 2731 debeat
1145 2656 1276 2729 lsabere
1311 2683 1430 2730 eorum
1472 2664 1559 2758 illo,
1611 2661 1767 2734 breviter
1805 2664 1971 2734 duximus
2014 2659 2123 2730 adno-

404 2775 562 2848 tandum.
614 2774 739 2869 ltaque
772 2791 851 2838 cum
884 2774 986 2834 actor
1018 2762 1140 2832 literas
1172 2760 1387 2856 apostoliens
1421 2763 1660 2864 impetraverit
1689 2765 1734 2836 ad
1761 2766 1894 2836 indices
1925 2764 2124 2855 delegatos,

405 2903 513 2949 unum
537 2875 595 2946 rel
620 2873 764 2970 plures,
791 2867 903 2939 literis
929 2862 1082 2955 habitis,
1109 2867 1204 2934 omni
1230 2888 1327 2933 mora
1354 2871 1570 2964 postposita,
1605 2893 1645 2938 se
1673 2895 1752 2939 cum
1780 2868 1890 2938 literis
1916 2891 2123 2965 repraesen-

405 2991 479 3072 tet,
513 2976 728 3073 ubicumque
755 2974 870 3069 ipsum
899 2967 1090 3056 invenerit,
1130 2964 1322 3036 dummodo
1356 2970 1393 3035 in
1424 2970 1504 3043 loco
1538 2972 1666 3043 idoneo
1699 2983 1735 3042 ct
1763 2969 1931 3061 honesto,
1975 2979 2012 3040 et
2039 2967 2124 3040 hora

406 3105 571 3172 congrua.
623 3077 757 3170 „Omni
789 3097 889 3144 mora
916 3066 1141 3167 postposita’¹
1175 3066 1254 3138 ideo
1283 3067 1413 3138 dictum
1441 3089 1514 3167 est,
1554 3101 1598 3145 ue
1624 3073 1845 3144 adversarius
1873 3099 1952 3144 eum
1980 3097 2126 3168 praeve·

357 3203 390 3254 25
408 3185 483 3254 niat
511 3181 620 3252 literis
645 3192 771 3276 postea
801 3174 1019 3270 impetratis,
1052 3183 1089 3242 et
1121 3170 1173 3241 sic
1206 3169 1328 3240 literae
1358 3179 1487 3247 actoris
1524 3178 1704 3272 posterius
1737 3177 1933 3267 assignatae
1966 3200 2041 3245 uun
2073 3186 2126 3245 te·

408 3296 534 3372 neunt,
571 3285 720 3353 maxime
747 3277 941 3352 secundum
967 3275 1170 3371 opinionem
1197 3270 1363 3366 illorum,
1397 3279 1456 3374 qui
1483 3276 1552 3350 hoc
1580 3289 1700 3350 tenent
1725 3303 1790 3375 per
1815 3277 1911 3347 decr,
1938 3278 1986 3348 x,
2014 3279 2056 3350 G,
2081 3275 2126 3349 de

407 3385 540 3482 appell.
559 3381 597 3477 Β,
612 3379 675 3454 28.
700 3394 741 3453 ut
764 3378 918 3452 debitus.
933 3373 996 3448 59.
1015 3379 1062 3474 Η)
1096 3387 1133 3446 et
1164 3401 1229 3472 per
1261 3372 1357 3446 illam
1395 3379 1440 3451 ele
1472 3405 1581 3454 reser.
1599 3377 1635 3471 l,
1648 3379 1687 3449 5.
1712 3380 1908 3476 capitulum
1934 3405 1964 3449 s.
1988 3379 2124 3451 Crucis.

406 3485 471 3560 50.
489 3489 556 3580 15))
592 3486 672 3557 licet
697 3484 755 3554 alii
780 3482 883 3552 aliter
909 3481 1063 3550 sentiant
1089 3504 1153 3576 per
1178 3478 1271 3548 decr.
1299 3477 1343 3550 de
1369 3505 1476 3553 resur.
1493 3481 1528 3576 l,
1546 3481 1583 3554 5.
1610 3494 1777 3554 ceterum.
1792 3479 1830 3550 5.
1849 3473 1900 3582 ¹⁶)
1929 3495 1964 3553 et
1991 3507 2021 3553 e.
2048 3479 2125 3577 plc-

405 3615 565 3688 rumque.
583 3584 647 3658 25.
665 3589 713 3681 ¹⁷)
765 3587 812 3657 Et
845 3594 901 3656 est
925 3584 995 3656 alia
1022 3584 1135 3677 ratio,
1173 3604 1285 3680 quare
1304 3582 1351 3682 ¹⁸)
1389 3584 1513 3658 literae
1542 3582 1674 3658 debent
1705 3583 1812 3656 iudici
1843 3588 2063 3682 praesentari
2079 3585 2126 3674 ¹⁹)

447 3945 486 4026 2)
531 3943 852 4010 (1.3.·-Β.»1111.”
1212 3971 1216 3978 ·
1301 3944 1407 4014 scibis
1422 3945 1465 4010 ad
1479 3943 1603 4010 libitum
1617 3951 1735 4027 posset
1748 3941 1828 4008 uti”
1843 3939 1986 4026 Gregor.
2001 3940 2033 4006 9.

447 4043 486 4130 3)
528 4065 572 4112 ex
586 4065 681 4112 eone.
697 4067 751 4132 ep.
765 4046 918 4112 llerlurd.
938 4081 980 4097 -
1009 4043 1061 4114 Ol
1078 4045 1183 4112 unu.
1197 4048 1232 4112 in
1343 4048 1403 4128 11)
1446 4051 1528 4110 Birt.
1543 4051 1598 4111 41.
1613 4043 1708 4109 -Β,
1724 4042 1813 4108 πΧΙ..
1829 4043 1881 4109 (1.”

405 4167 437 4213 v.
451 4146 599 4214 libellum
615 4147 870 4215 reclmtstionls.
1343 4149 1403 4230 lu)
1445 4148 1557 4214 lnnon.
1572 4145 1604 4214 3.

447 4250 488 4329 1)
533 4249 671 4336 Gregor.
686 4247 720 4316 9.
1342 4250 1400 4334 13)
1439 4255 1629 4332 procedente.
1645 4283 1688 4298 -
1702 4247 1742 4314 Β.
1758 4249 1973 4332 „potiente”

374 4371 390 4422 t
449 4352 485 4428 ὅ)
529 4353 639 4419 lnnoo.
654 4351 686 4419 3.
1341 4353 1399 4436 lt)
1443 4373 1486 4418 ex
1507 4373 1601 4421 cono.
1623 4351 1776 4418 Lutersn.
1801 4353 1912 4416 lnnoo.
1926 4353 1958 4418 3.
1984 4373 2014 4418 s.
2031 4351 2124 4416 1215.

447 4455 485 4540 6)
528 4455 567 4522 Β.
584 4456 660 4521 add.
676 4473 725 4522 ne.
740 4465 763 4520 t.
778 4473 808 4521 e.
825 4453 876 4520 1.”
905 4453 1041 4522 vitiose.
1298 4475 1329 4522 o.
1343 4455 1396 4520 33.
1413 4453 1466 4520 Os.
1483 4455 1588 4518 Glose.
1609 4454 1646 4520 tn
1665 4473 1699 4519 v.
1719 4453 1880 4541 telepte.
1898 4466 1931 4520 ct
1944 4455 1979 4520 tn
1992 4477 2025 4520 v.
2038 4455 2130 4522 assi·

448 4559 484 4634 7)
527 4581 555 4640 q.
573 4555 860 4642 3.-B.sq.ll.”
1297 4569 1429 4644 gualae.

446 4659 485 4743 8)
527 4661 562 4740 ὅ.
583 4667 820 4742 prmurteutnr.
839 4659 907 4738 (sio
920 4659 975 4739 Β.)
999 4660 1072 4727 ο.8.
1095 4659 1126 4747 5.
1140 4667 1172 4728 2.
1196 4672 1229 4726 ct
1342 4659 1398 4745 15)
1440 4659 1565 4725 Honor.
1579 4657 1610 4724 3.
1636 4657 1689 4726 Gl'.
1707 4662 1811 4725 Gloes.
1826 4664 1859 4726 tn
1873 4679 1906 4723 v.
1920 4661 2025 4744 prins.

406 4783 491 4849 seq,
507 4766 569 4828 siv.
584 4759 714 4845 legend.
737 4759 789 4848 ”i-
803 4765 1139 4845 praevaricatorem?
1154 4761 1185 4852 5.
1197 4763 1226 4830 6.
1339 4763 1397 4846 16)
1439 4761 1604 4828 Alexand.
1618 4761 1650 4828 3.
1679 4761 1731 4828 Cf.
1752 4763 1855 4827 uuae.
1871 4763 1905 4826 iu
1920 4785 1951 4830 v.
1967 4774 2124 4830 osterum.

358 4878 389 4930 ιο
407 4865 454 4942 7.;
484 4883 561 4930 uum
576 4881 619 4928 ex
633 4861 666 4948 §.
682 4861 710 4926 7.
732 4881 821 4929 vera.
844 4864 988 4932 abolitio.
1008 4885 1076 4952 urg.
1093 4867 1229 4950 petitum
1340 4866 1398 4948 17)
1441 4865 1552 4930 lnnoe.
1560 4863 1591 4932 3.
1614 4864 1666 4932 Gl.
1678 4867 1783 4931 Glosr.
1798 4864 1833 4928 in
1846 4885 1877 4929 v.
1892 4864 1981 4930 infra
1995 4883 2124 4930 annum.

405 4987 484 5034 esse
500 4967 638 5031 videtur.
1297 4978 1331 5034 et
1344 4967 1387 5033 sd
1402 4987 1432 5033 o.
1450 4967 1479 5031 1.
1494 4987 1526 5035 s.
1541 4979 1562 5034 t
1577 4969 1610 5033 in
1625 4989 1655 5032 v.
1669 4967 1870 5034 mundatum.

446 5067 485 5150 s)
528 5089 570 5133 ex
595 5087 689 5136 cone.
710 5069 865 5137 Luteruu.
886 5069 998 5136 lunun.
1017 5075 1047 5138 3.
1082 5090 1114 5135 a.
1136 5071 1228 5137 1215.
1340 5068 1397 5152 18)
1440 5091 1546 5152 quare.
1561 5105 1602 5118 -
1617 5069 1656 5134 B.
1674 5068 1794 5154 „elic”

404 5191 435 5238 n.
452 5171 502 5236 17.
1341 5169 1398 5256 13)
1438 5179 1641 5255 museum.
1658 5205 1701 5218 -
1714 5171 1755 5238 B.
1781 5172 2035 5240 „sensuum”

448 5271 505 5358 10)
548 5272 641 5338 verb.
674 5272 782 5360 „quod
809 5274 843 5340 in
875 5271 1035 5361 hospitali
1054 5276 1228 5361 praedicto
