4782 5960
405 573 469 641 350
988 567 1130 671 ¹Gratiae
1145 569 1187 636 de
1202 568 1350 636 iudicine.
1366 569 1440 636 ord.
1468 569 1506 634 P.
1524 570 1552 636 l.

410 765 592 860 „sperat'’)
611 764 724 856 „etc”
749 770 921 857 utsupra
948 758 1097 834 diximus
1123 758 1167 834 de
1195 761 1477 857 praesentatione
1503 757 1748 858 principalium
1775 783 2073 858 personarum-
2088 761 2135 832 Et

344 908 347 917 ν
412 869 441 937 si
470 891 552 936 reus
580 873 782 959 compareat
809 888 875 959 per
900 875 1185 959 procuratorem,
1214 863 1306 934 idem
1332 862 1447 934 iaciat.
1667 857 1675 876 ⁴

511 969 557 1038 Et
585 965 683 1062 quod
710 965 841 1037 dietum
868 976 922 1037 est
947 964 992 1037 de
1017 967 1338 1063 repraesentatione
1364 965 1623 1062 procuratoris,
1651 964 1828 1058 intelligas
1858 963 1902 1037 dc
1928 989 2131 1061 repraesen-

411 1071 542 1144 tatione
568 1067 702 1166 spndici
729 1066 785 1138 vel
813 1068 954 1140 actoris.
1902 1097 1905 1104 ’

379 1195 395 1246 o
514 1169 584 1241 Sed
613 1169 695 1266 quia
721 1169 942 1267 frequentius
966 1167 1197 1265 expediuntur
1221 1192 1347 1239 causae
1379 1194 1445 1265 per
1470 1167 1680 1266 principales
1706 1193 1896 1264 personas,
1936 1193 2050 1268 quam,
2070 1193 2134 1266 per

413 1284 682 1372 procuratores,
727 1271 829 1364 ideo,
872 1272 1023 1369 qualiter
1057 1296 1119 1367 per
1144 1295 1202 1342 eas
1230 1271 1437 1343 terminetur
1463 1295 1570 1343 causa
1598 1270 1654 1342 vel
1680 1270 1907 1368 expediatur,
1949 1296 2064 1370 usque
2090 1270 2133 1343 ad

370 1448 376 1459 ,
413 1377 516 1450 linem
541 1398 790 1472 exsequamur.

331 1565 412 1644 T.9.
806 1557 810 1581 ¹
1079 1553 1131 1620 De
1147 1555 1409 1640 exceptionibus.
1429 1557 1463 1637 1)

514 1677 734 1752 Adveniente
760 1647 844 1751 vero
871 1680 1041 1770 termino,
1068 1687 1110 1747 ut
1133 1677 1297 1774 superius
1320 1677 1452 1749 dictum
1480 1687 1535 1748 est
1552 1668 1607 1777 2),
1634 1689 1834 1774 compareat
1858 1690 1958 1750 actor
1983 1691 2018 1750 et
2043 1703 2133 1750 reus.

365 1807 397 1861 ro
413 1783 460 1856 Et
485 1782 601 1853 statim
629 1792 729 1878 petat
753 1792 853 1852 actor
883 1806 981 1853 reum
1014 1778 1199 1875 compelli,
1238 1801 1316 1850 cnm
1350 1805 1392 1850 eo
1424 1780 1459 1850 iu
1495 1804 1600 1850 causa
1633 1781 1835 1874 procedere.
1887 1781 1935 1852 Et
1967 1782 1999 1852 si
2028 1779 2135 1854 babet

413 1884 641 1974 advocatum,
678 1884 797 1954 statim
825 1882 920 1975 legat
948 1880 1120 1954 libellum.
1172 1878 1312 1952 Libello
1339 1881 1433 1952 lecto
1461 1905 1578 1952 coram
1604 1881 1739 1973 iudice,
1780 1892 1816 1955 et
1844 1895 2030 1980 praesente
2057 1909 2133 1974 reo,

414 1995 562 2085 quaerat
587 1984 692 2056 iudex
717 2011 737 2054 a
763 2011 845 2074 reo,
873 1996 992 2055 utrum
1021 1982 1123 2055 cedat
1150 1981 1207 2052 vel
1234 1983 1323 2054 scint
1347 1982 1404 2054 vel
1429 1981 1640 2054 confiteatur
1665 1984 1702 2052 iu
1730 1983 1853 2057 libello
1881 1987 2000 2082 petita.
2035 1986 2133 2057 Reus

415 2100 548 2178 autem,
582 2086 613 2155 si
640 2086 745 2183 plene
770 2085 916 2157 confidit
941 2084 985 2158 de
1010 2086 1086 2156 iure
1111 2109 1192 2175 suo,
1228 2085 1286 2155 vel
1308 2086 1339 2156 si
1365 2087 1487 2156 timent
1513 2109 1706 2181 expensas,
1741 2087 1785 2158 ad
1811 2086 1899 2180 hoc,
1935 2099 1976 2159 ut
2003 2087 2045 2158 lis
2071 2085 2133 2158 ab·

414 2189 614 2280 brevietur,
641 2199 772 2285 potest,
800 2189 831 2257 si
856 2186 947 2279 vult,
973 2188 1008 2258 in
1033 2187 1223 2260 continenti
1251 2185 1347 2258 litem
1375 2189 1585 2278 contestari,
1621 2197 1657 2258 et
1683 2189 1919 2287 respondere,
1948 2189 2045 2288 quod
2072 2215 2136 2262 nec

366 2317 398 2368 rs
416 2293 522 2362 sciret
548 2315 611 2360 uec
636 2289 747 2362 credit
774 2314 812 2362 se
839 2288 882 2360 ad
911 2286 1090 2385 praedicta
1117 2288 1236 2360 teneri.
1287 2288 1357 2360 Sed
1392 2290 1473 2386 quin
1501 2314 1582 2360 raro
1611 2290 1804 2384 contingit,
1843 2291 1941 2388 quod
1974 2317 2057 2362 reus
2085 2293 2134 2366 sic

416 2393 501 2465 velit
527 2393 564 2462 in
590 2393 781 2463 continenti
809 2391 1002 2488 procedere
1028 2391 1065 2460 in
1092 2414 1217 2482 causa,
1250 2414 1326 2462 cum
1352 2390 1559 2489 frequenter
1588 2389 1657 2462 sibi
1682 2404 1883 2491 competant
1910 2397 2133 2490 exceptiones

323 2501 328 2508 ’
416 2495 612 2588 legitimae,
648 2494 862 2591 quandoque
889 2492 931 2563 ad
960 2491 1128 2564 iudicium
1152 2491 1277 2563 iudicis
1302 2491 1568 2585 declinandum,
1602 2493 1814 2592 quandoque
1839 2495 1883 2566 ad
1907 2496 2134 2568 intentionem

416 2596 606 2670 adversarii
632 2594 829 2666 elidendam
847 2595 898 2686 3),
926 2594 1005 2665 ideo
1032 2597 1146 2690 primo
1173 2593 1218 2666 de
1242 2593 1513 2691 exceptionibus
1539 2619 1794 2691 supponamus.

332 2686 416 2790 §.l
518 2695 718 2795 §.Igitur
744 2698 780 2768 in
806 2694 1070 2793 exceptionibus
1097 2696 1335 2794 proponendis
1361 2721 1442 2769 reus
1469 2697 1627 2768 attendat
1643 2697 1690 2789 ¹),
1717 2709 1756 2769 ut
1778 2722 1882 2796 quam
1902 2696 2009 2772 debet
2034 2723 2135 2796 prae·

368 2824 572 2898 opponere,
600 2824 672 2871 nou
700 2809 896 2895 postponat
923 2798 979 2870 vel
1005 2825 1025 2871 e
1051 2808 1184 2870 contra.
1236 2798 1337 2870 Unde
1361 2800 1526 2896 respiciat
1551 2800 1665 2895 primo
1691 2802 1917 2897 exceptiones
1944 2799 2013 2872 sibi
2041 2827 2136 2874 com·

417 2913 577 3000 petentes
604 2912 641 2972 et
666 2925 782 2972 earum
804 2911 983 2993 noturom3
1022 2901 1102 2999 quia
1130 2900 1304 2998 quaedam
1338 2911 1540 2997 competunt
1566 2924 1626 2973 reo
1654 2927 1699 2972 ex
1728 2901 1972 2976 iurisdictione
1996 2902 2135 2994 iudicis,

417 3003 555 3076 scilicet
582 3003 612 3072 si
637 3003 757 3074 literne
784 3004 855 3074 sint
880 3003 1087 3098 impetratae
1112 3028 1176 3099 per
1200 3001 1281 3073 l'alsi
1307 3005 1570 3097 suggestionem
1598 3015 1633 3075 et
1660 3003 1732 3075 reri
1758 3006 2064 3101 suppressionem,
2086 3042 2136 3060 ·-

418 3104 607 3202 aliquando
634 3129 677 3177 ex
703 3127 853 3201 persona
879 3107 1026 3197 actoris,
1063 3105 1092 3174 si
1120 3115 1175 3176 est
1201 3104 1410 3197 monachus,
1444 3107 1611 3205 quicum
1640 3103 1723 3176 nihil
1751 3106 1931 3202 possidere
1957 3109 2073 3204 possit
2089 3107 2134 3198 ⁵),

421 3206 508 3278 nibil
525 3204 557 3305 ¹¹)
584 3230 647 3301 per
668 3229 728 3298 se,
763 3205 796 3278 id
826 3221 881 3277 est
904 3231 968 3278 suo
996 3208 1135 3278 nomine
1162 3216 1281 3302 petere
1309 3219 1447 3305 potest,
1482 3216 1518 3281 et
1544 3231 1608 3302 per
1634 3232 1674 3278 se
1700 3233 1804 3301 agere
1829 3233 1900 3280 nou
1927 3221 2066 3306 potest,
2095 3210 2134 3281 C.

369 3323 402 3374 25
421 3305 478 3380 13.
506 3335 541 3404 q.
560 3305 645 3404 Η)
670 3333 700 3380 o.
728 3333 800 3378 uon
826 3306 1086 3405 dicatis.ll.⁸)
1128 3306 1199 3405 (X.
1222 3307 1286 3404 G.)
1313 3309 1359 3382 de
1384 3321 1480 3381 statu
1507 3306 1721 3401 monacb.5,
1740 3307 1802 3381 55.
1830 3335 1860 3382 c.
1885 3335 1962 3382 cum
1989 3311 2033 3384 ad
2059 3335 2134 3383 mo·
2231 3393 2235 3406 Ι

418 3411 619 3480 casterium.
634 3407 670 3480 6.
689 3411 720 3500 1)
747 3434 821 3504 arg.
848 3409 893 3482 de
920 3411 1116 3483 confirmat.
1143 3410 1233 3481 utili.
1252 3408 1289 3503 3,
1308 3408 1374 3484 50.
1401 3438 1431 3483 c.
1458 3408 1685 3508 permotati.
1704 3409 1773 3510 ¹⁰),
1800 3413 1882 3484 item
1909 3414 1940 3484 si
1959 3425 2014 3485 est
2035 3425 2135 3485 actor

420 3513 738 3584 excommunicatus
772 3511 829 3583 vel
864 3512 1079 3604 haereticus,
1112 3513 1158 3582 X.
1186 3513 1229 3584 G.
1255 3513 1300 3586 de
1326 3514 1387 3585 od'.
1414 3513 1527 3608 deleg.
1546 3509 1655 3606 istit).
1681 3538 1713 3585 c.
1742 3514 1975 3612 prudentiam.
1994 3512 2054 3586 31.
2085 3513 2135 3613 (g.

418 3609 470 3709 Β.)
492 3608 539 3709 11)
575 3623 609 3684 et
641 3611 685 3684 de
713 3611 785 3683 iud.
801 3609 839 3704 2,
858 3611 888 3683 l.
921 3640 950 3687 c.
977 3613 1224 3686 intelleximus.
1242 3611 1277 3686 7.
1297 3612 1343 3711 ¹²)
1373 3627 1409 3688 et
1438 3615 1483 3688 de
1515 3613 1644 3687 haeret.
1661 3611 1699 3707 5,
1719 3613 1754 3688 7.
1782 3642 1813 3688 c.
1841 3617 1886 3687 ad
1914 3615 2134 3690 abolendam.

419 3711 535 3811 3311))
567 3754 618 3768 -
653 3715 734 3784 item
762 3715 973 3813 quandoque
999 3727 1204 3813 competunt
1231 3743 1276 3789 ex
1295 3718 1341 3808 ¹¹)
1372 3743 1522 3814 persona
1550 3729 1837 3813 procuratorum,
1880 3729 1921 3789 ut
1947 3721 1994 3790 X.
2023 3721 2064 3792 G.
2091 3721 2136 3792 de

371 3823 404 3878 ³⁰
421 3812 614 3913 probatd,
631 3812 689 3887 19.
714 3842 745 3888 c.
772 3827 857 3912 post
883 3819 1086 3890 cessionem.
1104 3813 1229 3920 21⁵),
1266 3861 1315 3876 -
1356 3821 1439 3892 item
1472 3818 1687 3916 quandoque
1720 3845 1766 3893 ex
1796 3845 1950 3917 persona
1977 3823 2136 3920 propria,
2182 3888 2186 3896 ,

420 3943 499 3992 cum
521 3916 729 4022 iustbnbeat
752 3919 942 3990 revocandi
967 3919 1132 4015 domum,
1173 3921 1271 3992 velut
1288 3919 1336 4020 ¹¹¹)
1370 3921 1529 3993 infirmus
1556 3921 1614 3992 vel
1639 3921 1795 4015 legatus,
1837 3933 1922 4017 etc.;
1964 3962 2015 3978 -
2052 3926 2136 3996 item

465 4173 502 4256 i)
545 4169 596 4238 Cf.
619 4193 695 4258 pag.
711 4173 783 4241 322.
798 4193 887 4239 vers.
905 4170 955 4240 19.
977 4181 1010 4237 et
1030 4173 1080 4238 sic
1104 4170 1144 4238 B.
1168 4180 1244 4237 aute
1313 4193 1402 4240 vers.
1419 4192 1483 4239 nec
1498 4173 1649 4239 aestimet
1662 4173 1779 4242 abbas.
1797 4175 1908 4242 innoc.
1922 4173 1956 4241 3.

423 4293 494 4359 seq.
511 4271 539 4358 §.
561 4273 589 4336 l.
1358 4273 1413 4358 10)
1457 4273 1567 4339 innoc.
1582 4275 1613 4340 3.

464 4374 501 4458 Β)
546 4371 596 4440 Ol.
611 4371 645 4439 h.
659 4385 743 4459 part.
760 4376 805 4440 tit.
820 4375 848 4441 o.
1357 4376 1417 4451 ll)
1461 4373 1685 4443 coelestinii.

464 4475 503 4557 3)
545 4481 727 4540 elidendam.
744 4513 780 4524 —
799 4476 838 4541 Β.
854 4476 1060 4562 „eligenda”
1357 4477 1414 4558 12)
1456 4475 1619 4544 Alexand.
1634 4477 1736 4569 3.OE
1751 4479 1856 4545 Gtccr.
1870 4481 1903 4546 in
1917 4501 1950 4547 v.
1965 4479 2135 4546 conveniri

390 4601 406 4652 5
465 4576 503 4659 4)
545 4584 689 4643 attendat.
714 4576 774 4661 (ci.
790 4597 862 4664 seq.
882 4599 959 4664 pag.
980 4598 1068 4644 vers.
1082 4576 1127 4654 3.)
1150 4611 1190 4626 -
1204 4576 1242 4643 Β.
1312 4587 1434 4663 potest.

426 4677 612 4746 „addiciat”
1357 4677 1413 4754 13)
1456 4680 1548 4746 verb.
1581 4681 1776 4750 ”universos
1895 4683 2083 4750 haereticos
2099 4727 2107 4748 .
2123 4721 2139 4748 .

465 4777 503 4863 a)
543 4785 705 4860 peredere
716 4788 823 4862 poerit.
840 4818 878 4830 -
894 4782 934 4847 B.
949 4779 1209 4865 „possedisset”
1314 4779 1465 4846 „noculo
1493 4781 1645 4867 perpetui
1666 4783 1883 4850 anathematis
1906 4784 2134 4852 innodamus.”

441 4879 502 4964 ⁴(i)
546 4885 631 4945 rond.
648 4917 689 4932 -
704 4882 743 4948 Β.
759 4881 872 4947 „nist”
1213 4938 1215 4940 .
1312 4879 1405 4949 Luci.
1419 4880 1450 4948 3.

466 4982 503 5065 7)
546 5005 575 5065 p.
592 4985 619 5045 1.
637 5017 677 5031 —
691 4984 729 5048 Β.
745 5005 794 5069 aq.
810 4983 870 5048 ll.”
1356 4983 1412 5066 14)
1456 4984 1798 5066 competentem—B.
1815 4985 1898 5056 choo
1913 4990 2071 5074 competit
2094 4987 2140 5072 φ’

377 5101 410 5152 to
465 5082 503 5165 8)
547 5080 597 5149 Cf.
615 5077 717 5148 (tlara
741 5083 775 5148 in
789 5105 822 5146 v.
836 5083 1022 5167 possidere.
1036 5099 1125 5149 vers.
1141 5093 1174 5150 et
1187 5103 1246 5150 no·
1359 5085 1418 5165 15)
1460 5085 1572 5152 lnncc.
1588 5084 1618 5151 3.

424 5195 473 5264 tn,
490 5187 578 5272 quod
592 5183 785 5252 monachus.
1359 5185 1415 5269 16)
1458 5190 1550 5253 vetut.
1566 5221 1607 5234 -
1622 5186 1661 5252 Β.
1678 5187 1752 5254 „vel
1767 5191 1848 5256 est.”

464 5285 507 5368 3)
548 5306 636 5353 vers.
658 5285 871 5372 prohibemus
888 5305 1019 5372 qnoque
1040 5287 1197 5354 districte.
1214 5297 1247 5351 et
