4786 5962
860 565 935 650 (De
965 565 1106 637 editione
1134 565 1298 636 iacienda.
1341 566 1370 654 §.
1386 566 1435 650 3.)
1973 569 2014 636 13

283 759 449 858 pellitnr3
483 757 691 830 sicutenim
717 781 821 830 nemo
845 783 948 852 agcrc
974 759 1132 853 cogitur,
1166 761 1215 831 ita
1245 759 1404 855 praecise
1437 783 1539 832 nemo
1572 758 1710 830 actione
1745 759 1803 830 vol
1830 757 1947 832 officio
1961 757 2010 858 23)

283 861 507 960 compellitur
532 861 703 932 actionem
731 858 854 956 edere3
888 871 923 933 ot
943 862 990 951 24)
1024 873 1211 959 antequam
1243 872 1343 932 actor
1359 863 1407 952 25)
1435 861 1536 952 edat,
1577 886 1657 933 non·
1681 860 1904 958 compellitur
1928 887 2010 935 reus

199 987 205 995 ·
283 963 517 1063 respondere3
568 972 602 1034 et
639 963 669 1035 si
703 974 804 1034 actor
832 963 986 1034 voluerit
1016 989 1115 1035 reum
1150 964 1327 1034 causative
1344 962 1393 1053 26)
1421 960 1661 1058 respondere,
1698 989 1840 1040 necesse
1866 960 2011 1039 habebit

282 1066 469 1163 specialem
497 1064 669 1136 actionem
695 1089 896 1162 proponere
920 1078 956 1138 et
979 1062 1155 1163 eder027).
1208 1064 1279 1137 Sed
1304 1064 1398 1136 forte
1425 1064 1523 1162 qnod
1549 1064 1625 1136 inre
1651 1067 1761 1137 veteri
1787 1077 1929 1138 cautum
1954 1091 2009 1138 re·

282 1169 419 1265 peritur
432 1164 480 1265 28)
507 1167 552 1238 do
578 1163 713 1238 edenda
735 1168 892 1258 actione,
937 1179 1135 1240 correctum
1167 1180 1225 1240 est
1251 1165 1354 1240 bodie
1386 1189 1451 1263 per
1477 1163 1586 1237 auth.
1612 1168 1792 1240 offeratur.
1808 1165 1858 1266 29)
1884 1187 2043 1246 secun-5

282 1261 366 1342 dum
393 1269 577 1367 quosdam.
604 1267 699 1366 quod
725 1295 848 1342 verum
874 1293 1044 1342 essenon
1071 1271 1176 1342 credo
1191 1271 1249 1361 ³⁰).

383 1374 470 1444 ltem
498 1370 632 1443 edenda
664 1382 749 1443 sunt
785 1373 921 1462 omnia,
965 1396 1055 1471 quoe
1089 1374 1169 1472 quis
1204 1370 1298 1468 apud
1330 1370 1481 1442 iudicem
1514 1367 1669 1444 editurus
1702 1384 1767 1444 est.
1794 1385 1834 1445 ut
1858 1373 1937 1468 liig.
1963 1371 2008 1448 dc

282 1473 405 1545 edend.
422 1470 461 1566 2,
488 1469 549 1544 lb.
577 1472 600 1544 Ι.
620 1469 652 1542 Ι.
677 1471 712 1571 S.
739 1473 883 1546 edenda.
899 1469 935 1544 5.
987 1475 1084 1567 Ergo
1114 1472 1320 1564 attitulas,
1362 1473 1422 1570 qui
1455 1469 1559 1544 iudici
1593 1472 1715 1565 datur,
1749 1476 1785 1544 in
1819 1501 1890 1574 quo
1923 1499 2007 1548 con·

278 1576 429 1680 tinctor,
469 1574 625 1672 qualitor
659 1586 695 1647 et
729 1574 773 1648 de
789 1573 838 1674 ³¹)
873 1573 1001 1674 quibus
1036 1576 1200 1674 capitulis
1232 1576 1333 1647 testis
1364 1576 1627 1669 interrogetur,
1670 1576 1824 1650 edendus
1859 1587 1912 1649 est
1946 1577 2007 1647 ad·

281 1679 433 1749 versario
448 1678 481 1730 ³²
499 1729 508 1748 .
2026 1691 2057 1742 ιο

381 1781 429 1870 ³³)
459 1690 779 1852 lrlstrumeutorum
807 1775 947 1880 quidem
974 1780 1082 1853 editio
1112 1780 1187 1852 lieri
1213 1777 1322 1852 debet
1346 1780 1423 1850 sine
1450 1778 1507 1852 die
1533 1789 1570 1850 et
1594 1779 1738 1852 consule
1753 1777 1822 1877 ³4),
1850 1779 2007 1878 nequid

280 1884 499 1974 excogitatur
523 1892 559 1954 et
586 1881 746 1978 praelato
760 1883 807 1974 ³5)
836 1883 893 1955 die
920 1882 983 1955 liat
1011 1882 1220 1955 iraudnlosn
1238 1879 1286 1980 36)
1323 1881 1547 1974 excogitatio.
1563 1882 1610 1974 37)
1642 1895 1683 1953 nt
1708 1883 1787 1976 big.
1811 1882 1858 1955 rle
1882 1880 2005 1954 mend.

279 1979 317 2074 2,
346 1980 407 2055 15.
431 1981 507 2054 lot.
536 1991 547 2065 ι
551 1981 586 2082 5
599 1979 651 2074 2.)
703 1986 751 2056 Et
775 2009 821 2056 ex
847 1984 1121 2078 consuetudine,
1157 2009 1264 2082 quam
1290 1984 1420 2056 iudices
1448 1981 1657 2077 observant,
1701 2009 1774 2056 non
1799 1983 1926 2057 duntm
1951 1985 2004 2055 in·

280 2096 474 2157 strumenta
503 2083 727 2178 adversario,
771 2085 835 2160 sed
866 2086 908 2159 lit
933 2113 978 2160 ex
1011 2087 1084 2159 illis
1115 2087 1217 2181 copia
1242 2083 1465 2180 exemplandi
1491 2111 1555 2180 per
1581 2083 1821 2178 advocatumr
1859 2084 1916 2158 vel
1941 2111 2006 2182 per

279 2186 386 2257 ulium
411 2187 522 2258 lidum
548 2186 784 2260 tabellionem.
834 2189 924 2262 Item
957 2190 999 2260 ht
1028 2188 1231 2260 adversario
1269 2212 1313 2258 ex
1344 2185 1414 2256 illis
1451 2188 1550 2282 copia
1583 2187 1792 2282 inspiciendi
1827 2213 1907 2260 cum
1940 2212 2004 2259 sno
2024 2199 2055 2252 ¹5

280 2288 451 2361 advocato
477 2300 513 2360 ot
538 2289 637 2381 aliis,
669 2290 707 2361 si
726 2289 828 2362 lsrte·
849 2292 1028 2387 putaverit
1052 2302 1087 2363 et
1103 2291 1151 2378 3Θ)
1181 2289 1310 2362 dixerit
1334 2313 1406 2360 suo»
1431 2298 1651 2360 sacramento
1660 2338 1680 2382 ‚.
1697 2314 1736 2360 se
1762 2314 1869 2386 posse
1895 2313 1936 2360 eu
1961 2288 2006 2362 de

278 2389 371 2462 lalso
398 2415 553 2484 arguere.
579 2403 620 2463 ut
645 2390 733 2464 cod.
767 2391 813 2482 de
842 2393 912 2466 lide
938 2395 1101 2464 instrum.
1121 2391 1160 2486 4,
1186 2389 1246 2462 2Ι.
1270 2389 1293 2460 l.
1321 2390 1384 2461 ult.
1402 2386 1463 2460 21.
1514 2388 1620 2479 Quod
1653 2391 1685 2461 si
1715 2415 1793 2462 non
1822 2389 1867 2464 de
1897 2389 2004 2484 salso,

279 2491 348 2562 sed
369 2492 471 2564 aliter
495 2493 586 2566 iude-
603 2491 806 2588 dubitetur,
839 2494 900 2566 liet
927 2495 1111 2568 literarum
1137 2493 1367 2590 comparatio.
1414 2493 1462 2563 lit
1489 2491 1703 2585 notandum,
1737 2491 1843 2592 quod*
1862 2515 2004 2590 compa·

278 2594 369 2666 rutio
393 2593 435 2666 fit
460 2621 504 2666 ex
531 2596 688 2694 quinque
713 2595 901 2689 generibus
922 2598 1259 2690 instrumentorum3
1284 2605 1370 2692 puta
1395 2619 1440 2666 ex
1467 2592 1668 2665 forensibus
1679 2645 1698 2687 ‚.
1721 2619 1812 2694 queo
1839 2594 2006 2668 dicuutur

277 2697 511 2769 instrumenta
537 2698 629 2795 apud
653 2697 802 2771 iudicem
827 2700 1009 2793 conlecta3
1050 2700 1132 2770 item
1157 2725 1200 2770 ex
1225 2695 1380 2795 publicis
1415 2696 1657 2768 instrumentis
1687 2707 1724 2769 et
1746 2695 2001 2794 chirographis,
2020 2717 2054 2769 ao

277 2795 490 2870 habentibus
516 2798 810 2895 subscriptionem
849 2803 956 2874 trium
990 2801 1132 2874 testium
1167 2799 1238 2872 lide
1264 2799 1450 2892 dignorum
1477 2809 1513 2870 et
1540 2798 1634 2870 omni
1660 2800 1867 2896 exceptione
1895 2799 2002 2870 maio·

277 2925 374 2995 rum3
398 2901 482 2972 item
507 2927 552 2974 ex
577 2900 691 2974 literis
718 2901 870 2999 publicis
900 2913 937 2976 et
962 2904 1129 3000 privatis,
1157 2899 1284 3000 quibus
1312 2899 1531 2973 adversarius
1557 2900 1701 2992 utitur„
1718 2910 1814 2974 recte
1839 2897 1881 2972 fit
1906 2925 2001 2973 com·

277 3003 436 3096 paratio;
464 3014 565 3074 etex
591 3001 712 3076 charta
737 3005 916 3098 similiter,
949 3030 1041 3102 quae
1068 3004 1249 3102 profertur
1275 3027 1320 3074 ex
1346 2999 1488 3074 archivo
1515 2997 1683 3099 publico,
1711 2999 1862 3074 habente
1886 3000 2001 3099 publi·

278 3127 357 3174 cum
382 3103 640 3196 testimouium,
668 3105 767 3202 quod
789 3105 862 3200 lit,⁴
879 3107 1021 3205 quando
1049 3133 1113 3204 per
1138 3117 1247 3178 testes
1273 3102 1415 3202 publice
1440 3100 1635 3202 probatur,
1667 3103 1833 3203 quotide
1861 3101 2001 3176 archivo

317 3355 376 3439 23)
419 3363 539 3420 araone
563 3361 613 3419 rel
631 3363 731 3440 officio
756 3357 891 3439 (indicis
912 3357 1103 3442 implorato:
1214 3355 1274 3441 33)
1318 3357 1356 3423 G.
1379 3361 1479 3426 iuscr.
1503 3355 1575 3422 »Ite
1603 3357 1745 3423 editione
1768 3357 1999 3422 instrumento·

275 3458 413 3526 seouud.
443 3456 576 3522 solitum
604 3456 762 3544 loquendi
790 3479 896 3525 usum.
942 3459 990 3524 Cf.
1021 3481 1049 3526 e.
1073 3481 1104 3545 g.
1172 3461 1279 3524 rum.”

274 3565 348 3626 Pe'II.
365 3583 417 3647 qu.
428 3559 476 3626 16.
492 3578 540 3642 pr.
554 3559 648 3625 verb.
665 3562 880 3643 „proponitur
894 3559 1040 3628 officium
1055 3564 1103 3628 in·
1214 3559 1274 3645 34)
1316 3560 1353 3626 Β.
1371 3561 1457 3628 adda
1473 3581 1570 3626 „nam
1586 3561 1615 3626 si
1629 3559 1724 3626 lieret
1739 3559 1838 3625 editio
1852 3580 1928 3626 cum
1944 3561 1998 3625 die

276 3665 380 3729 „dicis
403 3661 458 3730 vel
480 3664 514 3727 in
533 3681 604 3728 rern
627 3659 762 3746 utilis.”)
777 3661 814 3727 B:
843 3663 880 3727 P.
892 3659 921 3728 1.
949 3699 992 3712 -
1019 3663 1058 3728 P.
1073 3663 1104 3728 2.
1172 3672 1226 3727 net
1240 3661 1397 3742 consule,
1418 3673 1535 3746 posset
1549 3663 1623 3747 quis
1639 3663 1726 3728 diem
1740 3663 1865 3728 addere
1880 3661 1935 3728 vel
1950 3663 1997 3728 di·

275 3765 314 3828 G.
330 3785 393 3829 om.
1172 3763 1340 3830 „minuere
1356 3774 1388 3829 et
1402 3765 1454 3830 sic
1465 3773 1544 3849 post
1556 3764 1701 3849 probare
1713 3763 1755 3828 de
1768 3763 1920 3829 absentia
1934 3783 1997 3828 sna
2015 3769 2031 3820 5

315 3865 374 3948 24)
417 3875 456 3929 et.
487 3865 706 3932 scribendum
720 3863 868 3932 fortusse
884 3867 995 3932 „sed”
1171 3865 1250 3932 „illa
1265 3866 1318 3930 die
1334 3876 1367 3931 et
1379 3865 1487 3931 taliter
1504 3864 1632 3930 iaceret
1647 3863 1859 3948 exemplari.”
1902 3863 1996 3929 Simi-

226 4027 239 4040 ,
316 3966 376 4048 25)
419 3977 513 4032 actor.
531 3967 565 4033 Β.
586 3967 661 4032 121.
679 3966 717 4033 G.
740 4003 783 4014 -
808 3967 859 4032 ΑΙ.
887 3967 1100 4034 „actionem”
1168 3968 1214 4034 lit.
1236 3969 1275 4034 G.
1298 3965 1490 4054 etquidem
1506 3963 1570 4030 ullo
1592 3965 1666 4032 loco
1688 3969 1898 4051 magsapto.
1942 3966 1996 4032 ct.

275 4063 310 4126 P.
326 4067 356 4128 2.
1168 4081 1237 4136 ιιοι.
1251 4069 1305 4136 37.
1336 4067 1405 4134 Sed
1427 4071 1502 4152 ipsa
1530 4067 1615 4133 bueo
1637 4069 1781 4134 varietas
1802 4077 1996 4153 argumento

316 4163 377 4245 26)
420 4179 584 4236 cauacrtire.
607 4173 626 4237 i.
650 4191 678 4236 e.
699 4181 734 4236 nt
753 4180 861 4236 status
882 4191 1007 4238 causac
1022 4191 1099 4236 con·
1168 4181 1239 4252 est,
1279 4171 1343 4236 ista
1380 4189 1401 4234 a
1434 4169 1583 4254 margine
1618 4169 1651 4234 in
1688 4179 1877 4237 contextum
1913 4173 1994 4236 irre·

274 4265 360 4329 stitui
375 4273 491 4349 possit.
1167 4273 1294 4357 psisse.
2010 4273 2042 4324 ¹⁰

315 4367 375 4443 27)
416 4391 586 4451 proponere
600 4385 630 4438 rt
644 4379 743 4439 edere.
761 4374 800 4439 G.
823 4411 864 4422 —
886 4374 940 4439 Al.
957 4393 1097 4459 »propo
1209 4373 1271 4452 35)
1311 4375 1458 4452 praelato.
1485 4372 1521 4437 P.
1534 4371 1562 4435 l.
1577 4372 1608 4436 2.
1626 4371 1664 4438 G.
1680 4407 1722 4418 -
1745 4372 1798 4438 ΑΙ.
1815 4371 1992 4456 „prolum”

274 4487 375 4532 »nere
390 4467 444 4534 vel
461 4475 590 4536 edere.”
609 4476 647 4542 P.
665 4478 694 4542 1.
703 4477 734 4542 2.
764 4511 806 4524 -
835 4476 958 4544 „edere
973 4487 1006 4541 et
1019 4497 1097 4560 pro·
1166 4473 1202 4540 B.
1220 4511 1260 4522 -
1276 4471 1325 4538 Cl'.
1341 4472 1492 4540 lectionis
1513 4475 1706 4542 varietatem
1722 4473 1826 4558 ipsius
1841 4471 1863 4536 l.
1875 4473 1903 4539 1.
1919 4473 1992 4561 §.2

273 4573 448 4653 „ponere”
463 4571 501 4636 B.
516 4605 558 4617 -
573 4573 623 4638 of.
638 4576 670 4642 b.
680 4589 766 4661 part.
782 4577 811 4664 §.
822 4579 854 4642 4.
869 4599 917 4662 pr.
933 4576 964 4664 §.
971 4576 1002 4642 6.
1017 4597 1068 4660 pr.
1165 4574 1242 4660 Dig.
1258 4574 1300 4641 de
1315 4576 1455 4641 edendo.

313 4671 372 4756 28)
414 4681 575 4753 reperitur.
597 4674 670 4741 P.l.
685 4679 716 4742 2.
737 4679 774 4746 G.
789 4717 832 4728 -
845 4679 898 4744 ΑΙ.
914 4679 1067 4746 »εει”’Β.
1206 4677 1267 4752 36)
1307 4665 1501 4761 'fraudatura
1510 4675 1547 4740 B.
1556 4676 1595 4742 G.
1610 4713 1651 4724 —-
1665 4675 1718 4740 ΑΙ.
1735 4672 1992 4746 ιιΙΙηιιιΙιιΙιιιιιιι.”

311 4773 370 4857 29)
414 4775 458 4840 ad
471 4773 554 4840 Cod.
574 4773 617 4840 de
631 4773 673 4839 lit
690 4793 773 4843 cont
783 4780 814 4858 3,
829 4779 859 4844 9.
888 4780 936 4845 ΙΙιί
951 4781 1037 4846 enirn
1053 4783 1095 4846 de
1164 4779 1202 4844 P.
1219 4783 1248 4844 l.
1262 4779 1293 4844 2.
2007 4789 2040 4838 15

186 4920 188 4928 ι
269 4875 382 4943 libello
397 4876 537 4955 dictum,
567 4879 630 4942 sed
651 4875 730 4942 nibil
752 4881 794 4942 de
815 4882 945 4948 edenda
966 4883 1095 4948 actione
1205 4881 1265 4966 37)
1310 4881 1347 4947 G.
1370 4882 1464 4946 add:
1495 4881 1599 4948 „Nam
1619 4883 1648 4946 si
1668 4878 1764 4944 fieret
1786 4901 1863 4946 oum
1885 4882 1938 4946 die
1959 4895 1991 4945 ct

270 4979 414 5044 additum
430 4990 491 5044 est.
546 4991 558 5006 '
1165 4983 1343 5064 „consule‚
1372 4993 1489 5066 posset
1510 4985 1584 5068 quis
1605 4981 1730 5048 addere
1750 4993 1783 5048 et
1798 4984 1989 5049 diminuere.

311 5080 369 5164 30)
414 5078 464 5146 Cl.
476 5083 565 5144 121).
581 5085 644 5144 cod.
662 5082 747 5144 ctis.
764 5077 794 5166 §.
808 5079 877 5144 151.
894 5103 971 5168 pag.
979 5084 1051 5150 238
1166 5095 1221 5150 „et
1235 5086 1445 5183 steprobare
1459 5095 1576 5169 posset
1592 5085 1641 5149 do·
1651 5085 1852 5151 absentia—
1861 5086 1988 5150 -’'etc.

310 5181 368 5264 37)
412 5187 457 5245 dc.
473 5181 544 5246 P.l.
561 5183 591 5246 2.
609 5180 770 5248 G.-Al.
787 5181 871 5246 „in”
886 5181 923 5248 B.
1164 5186 1392 5253 utinnot.34'.

310 5279 369 5364 32)
413 5282 579 5366 Vidpart
598 5281 665 5370 3.§
686 5285 734 5348 ll.
1205 5285 1266 5370 38)
1310 5298 1347 5353 et.
1364 5286 1523 5354 (ἲν-ΑΙ.
1541 5287 1644 5356 „vel”
1659 5288 1697 5354 B.
1712 5289 1787 5354 P.l.
1803 5288 1832 5352 2.
