4764 5958
394 571 460 641 ato
983 567 1118 633 Gratiae
1135 568 1178 633 de
1191 565 1341 632 indiciar.
1357 565 1428 632 ord.
1455 565 1494 632 P.
1508 565 1540 631 2.

317 829 398 905 ro.
1124 824 1177 890 De
1192 823 1340 890 testibus
1361 829 1388 900 ι)

504 967 594 1057 Quia
626 965 718 1037 datis
754 965 908 1036 articulis
940 974 975 1034 et
1000 965 1152 1060 receptis
1186 962 1330 1033 induciis
1357 961 1399 1032 ad
1427 971 1536 1032 testes
1561 960 1831 1056 producendos,
1873 974 1972 1034 actor·
1996 973 2121 1033 cantus

403 1095 482 1142 esse
509 1068 616 1140 debet
652 1070 688 1138 in
720 1067 870 1138 testibus
898 1065 1157 1163 producendis,
1198 1057 1278 1135 ideo
1304 1065 1422 1162 aliqua
1448 1063 1531 1134 duxi
1548 1059 1584 1164 ²)
1618 1062 1686 1136 lanc
1718 1064 1892 1160 opusculo
1924 1064 2120 1156 inserenda,

402 1173 486 1244 licet
512 1170 598 1242 lraec
623 1171 767 1241 materia
794 1172 839 1240 sit
864 1195 929 1266 per
953 1169 1160 1260 magistrum
1187 1167 1408 1237 Tancrednm
1432 1191 1497 1263 per
1526 1165 1647 1264 plures
1674 1168 1799 1238 titulos
1828 1167 1990 1264 expedita
2009 1169 2052 1256 ³).

319 1272 354 1374 ἓ.
365 1270 398 1345 1.
501 1270 537 1373 §.
588 1275 701 1342 Actor
723 1271 898 1369 producut
923 1281 1032 1342 testes
1057 1294 1142 1341 snos
1169 1294 1289 1339 coram
1314 1269 1438 1359 iudice,
1468 1268 1498 1338 si
1525 1280 1662 1364 potest3
1691 1269 1845 1366 alioquin
1870 1269 1915 1342 de
1941 1270 2121 1342 voluntate

402 1375 555 1475 partium
583 1373 687 1444 alicui
712 1376 952 1444 committatur
979 1373 1133 1470 receptio
1161 1373 1325 1464 testium,
1371 1373 1433 1467 qui
1455 1370 1597 1442 accedat
1622 1372 1667 1441 ad
1696 1372 1833 1462 locum,
1872 1371 1933 1443 ubi
1960 1383 2046 1442 sunt
2068 1382 2122 1441 te·

403 1491 497 1569 atos,
536 1488 572 1548 et
604 1475 790 1570 diligenter
822 1500 886 1546 eos
921 1476 1105 1558 examinet.
1130 1485 1170 1544 ut
1195 1474 1242 1542 X.
1270 1476 1311 1546 G.
1337 1473 1382 1544 de
1409 1470 1760 1565 adelberamum
1789 1500 1868 1546 cum
1897 1474 1992 1547 olim.
2008 1471 2123 1564 w)

402 1591 438 1660 et
464 1579 508 1652 de
533 1575 651 1649 testib.
679 1575 807 1671 copi,
825 1574 885 1648 il.
913 1601 942 1648 c.
964 1573 996 1646 l.
1014 1578 1044 1663 ⁵)

504 1683 547 1753 ln
573 1680 808 1776 productione
835 1679 977 1751 testium
1005 1678 1099 1750 dicat
1125 1691 1240 1750 actor:
1277 1681 1383 1770 „llos
1413 1690 1522 1749 testes
1546 1677 1676 1750 induco
1703 1679 1740 1747 in
1756 1703 1888 1771 xcansa,
1925 1702 2018 1775 qnae
2045 1703 2122 1747 ver·

355 1784 522 1875 uomitur-
550 1783 643 1877 inter
674 1808 730 1854 me
757 1793 792 1854 et
819 1782 861 1852 Β.
893 1781 1106 1852 mulierem?
1131 1817 1182 1834 —-
1235 1782 1401 1851 Notarius
1437 1793 1553 1852 autem
1582 1780 1715 1852 scribat
1747 1782 1784 1850 in
1809 1781 2001 1878 principio:
2047 1779 2122 1872 „tlt
2157 1853 2161 1860 ,

402 1896 514 1980 „sunt
539 1896 650 1956 testes
675 1881 839 1982 producti
866 1909 885 1954 a
912 1884 1068 1954 lllartino
1091 1895 1215 1954 eontra
1241 1883 1438 1953 Bertham.”

482 1990 528 2058 Et
554 1987 637 2058 licet
660 1999 761 2058 actor
785 1984 915 2056 habeat
939 1997 1013 2057 tres
1040 1984 1315 2080 productiones,
1343 2011 1413 2056 non
1441 1995 1557 2055 tamen
1582 1983 1723 2056 dill'crat
1748 2010 1839 2083 qnos
1866 1985 2064 2084 producere
2087 1982 2124 2053 in

404 2089 561 2163 nltimam
579 2077 615 2190 ⁶)
644 2089 928 2185 productionem,
957 2086 1020 2159 sed
1049 2087 1235 2184 producat,
1265 2111 1354 2184 qnos
1380 2084 1510 2158 lrabere
1535 2095 1668 2183 potest,
1696 2088 1732 2156 in
1761 2089 1874 2184 prima
1901 2101 1937 2160 et
1958 2085 2123 2176 acetruda,

404 2203 552 2291 propter
577 2191 845 2288 impedimenta,
873 2215 964 2286 quae
989 2190 1193 2286 frequenter
1214 2191 1251 2259 in
1279 2188 1479 2260 huiusmodi
1505 2201 1708 2260 occurrunt.

356 2309 388 2359 ¹⁵
506 2297 638 2368 Actnre
664 2317 749 2386 ergo
776 2290 997 2388 producente
1024 2317 1108 2362 snos
1135 2303 1265 2384 testes,
1291 2290 1398 2362 index
1426 2315 1487 2362 eos
1516 2292 1681 2387 recipiat,
1710 2293 1784 2366 sive
1808 2319 1887 2364 rens
1909 2294 1957 2364 sit
1980 2289 2124 2380 absens,

404 2397 478 2468 sive
504 2419 695 2492 praesens,
737 2393 930 2464 dummodo
964 2395 1072 2464 luerit
1105 2392 1150 2463 ad
1178 2392 1248 2466 lroc
1282 2395 1409 2464 citatus
1434 2392 1640 2487 specialiter.
1666 2406 1705 2465 nt
1735 2396 1782 2464 X.
1809 2397 1852 2467 G.
1881 2394 1926 2466 de
1955 2389 2124 2481 testim,

404 2495 467 2570 90.
494 2523 524 2568 c.
550 2499 587 2566 in
611 2496 753 2568 nornine
780 2497 930 2567 Domini.
946 2491 982 2565 Β.
1002 2495 1034 2592 ⁷)
1068 2495 1113 2568 de
1145 2497 1207 2566 ott.
1237 2494 1351 2588 deleg.
1370 2492 1479 2586 1,,Β9.
1522 2521 1550 2566 c.
1583 2496 1769 2567 consuluit.
1785 2495 1848 2567 24.
1882 2510 1923 2568 nt
1958 2496 2021 2566 lite
2054 2516 2125 2564 non

404 2611 500 2673 cont
514 2596 552 2692 Β,
568 2595 605 2671 6.
633 2625 663 2670 c.
690 2597 868 2670 accedens.
884 2593 916 2666 l.
944 2594 1013 2694 (Β.)
1031 2588 1090 2700 θ);
1118 2597 1275 2695 alioquin
1301 2598 1461 2693 ipsorum
1484 2599 1639 2693 receptio
1668 2623 1738 2668 non
1763 2598 1907 2670 valeret.
1936 2611 1976 2669 nt
2002 2599 2037 2667 in
2064 2596 2124 2666 dc-

403 2714 489 2774 cret.
515 2704 577 2794 „in
606 2702 747 2772 nomine
774 2699 944 2770 Domini.”
970 2699 1033 2795 (Χ.
1043 2703 1085 2772 G.
1099 2697 1137 2790 Β,
1152 2695 1216 2770 2st
1243 2696 1339 2794 nd.)
1367 2700 1406 2771 C.
1422 2697 1459 2769 5.
1486 2723 1523 2796 q.
1541 2696 1575 2769 9.
1604 2725 1635 2771 c.
1663 2699 1815 2772 clrartnc.
1837 2697 1895 2770 19.

354 2829 389 2883 ιιι
418 2810 425 2831 ‘
506 2804 615 2875 Citari
642 2827 728 2896 ergo
755 2799 862 2872 debet
886 2826 968 2872 reus
994 2825 1172 2900 expresse,
1199 2811 1241 2870 nt
1266 2802 1384 2873 veniat
1408 2800 1526 2872 videre
1551 2813 1660 2873 testes
1685 2805 1822 2895 inrare,
1850 2803 1909 2900 qni
1936 2812 2057 2874 contra
2083 2823 2125 2871 aa

405 2905 669 3004 producantur,
713 2915 754 2975 nt
781 2906 811 2974 si
837 2927 918 2975 rens
945 2904 1051 2976 luerit
1084 2927 1251 3002 praesens
1285 2916 1322 2976 et
1345 2903 1461 2976 videat
1490 2929 1660 2999 personas
1689 2906 1869 3002 ipsorum,
1913 2907 1943 2975 si
1973 2905 2039 2975 scit
2063 2927 2125 2974 eos

404 3033 482 3080 esse
508 3007 695 3102 impeditos
723 3005 841 3105 qnoad
870 3007 1105 3078 testimonium
1131 3005 1330 3098 ferendum,
1371 3007 1491 3076 statim
1525 3005 1674 3102 excipiat
1707 3020 1828 3079 contra
1864 3031 2036 3103 personas
2064 3031 2125 3078 eo·

405 3132 495 3182 rum.
547 3109 656 3198 Puta,
699 3109 728 3178 si
760 3109 829 3180 seit
859 3108 1012 3204 aliquem
1040 3133 1159 3180 corum
1193 3109 1367 3179 inimicum
1396 3133 1497 3178 suum
1516 3108 1550 3204 a)
1579 3109 1784 3208 capitalem,
1824 3109 1880 3180 vol
1906 3111 2123 3207 conspirato·

404 3237 500 3305 rem,
527 3235 688 3304 serrum,
721 3209 777 3284 vel
803 3210 987 3306 infamem,
1016 3205 1305 3307 perinmm,'”rel
1333 3203 1693 3304 excommunicatum,
1724 3212 1782 3283 vel
1810 3201 2041 3304 haereticum,
2068 3209 2126 3287 val

356 3333 388 3384 25
406 3313 475 3384 alia
503 3311 721 3406 huiusmodi,
757 3312 874 3384 statim
900 3313 1052 3408 excipiat
1078 3322 1201 3384 contra
1227 3337 1347 3382 eorum
1375 3337 1546 3409 personas
1573 3311 1641 3383 ltoc
1666 3313 1771 3386 modo
1787 3306 1858 3412 ¹⁰):
1887 3317 1955 3405 „ln
1982 3314 2125 3385 modum

405 3416 649 3513 „emptionis
680 3438 845 3512 propono
882 3439 951 3506 ego
974 3415 1047 3507 ll,
1085 3413 1184 3513 quod
1207 3414 1249 3483 Ρ.
1281 3439 1351 3485 non
1383 3413 1489 3488 debet
1524 3425 1648 3486 coutra
1677 3441 1733 3485 me
1761 3415 1897 3486 admitti
1928 3419 1962 3486 in
1996 3427 2124 3488 testem

405 3515 565 3612 „in‘lruc¹
585 3540 709 3608 causa,
746 3541 823 3588 cnm
850 3516 927 3611 ipse
954 3516 1001 3586 sit
1026 3540 1124 3588 mens
1152 3516 1309 3588 inimicus
1337 3516 1572 3588 rraaruil'estns.n
1595 3557 1645 3574 -·-
1681 3543 1789 3608 „cum
1816 3520 1864 3588 sit
1889 3521 2124 3589 excommnni-

404 3624 562 3713 „oatna”
589 3657 638 3676 -··
664 3618 721 3689 vel
748 3616 1004 3711 „haereticus”
1034 3659 1086 3672 -
1119 3618 1177 3689 vel
1204 3618 1323 3715 aliquo
1349 3620 1495 3691 istorum
1521 3619 1828 3714 supradictorum
1855 3619 2035 3691 criminum
2069 3618 2125 3692 vel

404 3721 735 3819 impedimentorum
763 3718 938 3790 detentus.
965 3761 1017 3774 --
1069 3721 1205 3794 Tamen
1230 3721 1313 3791 sciri
1339 3718 1459 3812 dehet,
1488 3719 1592 3817 qnod
1615 3721 1696 3791 talia
1724 3732 1872 3818 possunt
1899 3719 2004 3794 obiici
2028 3723 2125 3814 testi,

356 3841 390 3896 au
406 3823 502 3922 qnod
535 3823 634 3894 nullo
669 3820 775 3894 modo
810 3832 931 3916 potest
963 3819 1098 3894 admitti
1131 3825 1343 3914 intestam,
1386 3825 1417 3892 si
1450 3823 1486 3892 in
1519 3823 1709 3894 continenti
1744 3823 1823 3895 vult
1856 3849 1940 3896 reus
1972 3823 2125 3922 probare

404 3925 491 4019 lnce,
517 3937 621 4022 pata,
649 3926 679 3995 si
708 3934 765 3995 est
789 3947 915 3994 servus
942 3923 999 3996 vel
1027 3925 1184 3996 inimicas
1212 3925 1395 4020 capitalis,
1432 3935 1468 3994 et
1490 3925 1548 3994 isti
1576 3947 1762 4022 numquam
1793 3923 2042 4024 producantur
2058 3926 2125 4022 ¹¹),

405 4039 441 4100 at
467 4026 554 4102 talia
578 4035 731 4124 possunt
754 4023 882 4117 olriiei,
925 4025 1021 4123 qnod
1054 4025 1277 4097 nihilominus
1311 4035 1432 4122 potest
1467 4026 1575 4122 recipi
1610 4035 1645 4098 et
1678 4027 1714 4096 in
1750 4040 1908 4125 tempore
1935 4027 2124 4102 dubitatio·

405 4127 522 4228 nis,¹²)
557 4130 741 4216 reservari.
793 4129 892 4217 Quae
924 4139 1041 4200 autem
1074 4139 1158 4200 sunt
1191 4128 1271 4222 illa,
1310 4128 1467 4228 requires
1506 4126 1593 4202 liaeo
1625 4139 1661 4202 et
1690 4129 1758 4202 alia
1789 4130 1900 4204 multa
1933 4131 1969 4202 in
2002 4129 2125 4204 libello

450 4482 485 4560 l)
528 4481 567 4546 B.
589 4481 692 4546 inser.
719 4479 790 4545 ”De
813 4481 953 4546 testibus
981 4483 1202 4564 provocandis
1215 4454 1264 4512 ”³
1343 4479 1380 4560 8)
1423 4503 1449 4544 e.
1466 4487 1626 4547 consuluit.
1643 4505 1667 4548 c.
1682 4489 1840 4550 accedeus.
1870 4487 1982 4552 lnnoc.
1996 4483 2028 4550 3.
2120 4518 2125 4530 ·

407 4585 464 4660 (ad
486 4601 591 4668 marg.
608 4582 899 4666 „producendis.”J
931 4579 982 4646 Cf.
1006 4602 1078 4668 seq.
1100 4595 1165 4649 not.
1184 4583 1233 4648 10.
1343 4581 1380 4657 9)
1425 4605 1525 4648 muana.
1542 4621 1584 4632 -
1597 4583 1636 4649 B.
1652 4585 1774 4652 „stne”

405 4683 526 4750 atta
1348 4683 1403 4760 10)
1447 4683 1486 4748 Β.
1515 4685 1616 4750 inser.
1653 4687 1793 4755 ”Forma
1821 4689 2041 4772 expediendi”
2070 4693 2126 4770 (in

450 4785 483 4863 2)
528 4788 616 4848 draci.
633 4821 674 4833 —
689 4783 729 4848 Β.
744 4781 861 4849 „dixi”
1301 4805 1405 4872 marg.
1427 4785 1646 4870 »exipiendi”)
1663 4803 1799 4866 »canna
1812 4793 1948 4856 testes.’'
1978 4789 2031 4858 Cf.
2052 4811 2124 4877 seq.

304 4941 308 4952 .
375 4898 390 4947 a
450 4884 490 4956 3)
532 4885 608 4952 Vid.
626 4881 1125 4976 rana›·.'paraaatsatreq.
1300 4897 1367 4953 not.
1382 4886 1436 4955 43.
2066 4898 2069 4904 ’

448 4989 486 5072 4)
528 4986 686 5054 lnnoa3.
1344 4987 1401 5064 ll)
1439 4995 1660 5071 productorem.
1677 5011 1718 5042 -···
1737 4993 1852 5061 Fuerit
1867 4995 2125 5062 „santernum”

448 5091 484 5166 5)
527 5089 689 5156 Alexand.
704 5087 734 5154 3.
1300 5091 1361 5156 siv.
1378 5091 1635 5175 „recipinntnn”

448 5193 485 5266 6)
527 5197 675 5254 ιιΙΙίηιαηι.
690 5225 731 5237 -
745 5185 785 5256 B.
800 5192 941 5258 ιιιιιιῑ.”.
1344 5189 1400 5268 lt)
1444 5199 1648 5260 dalimanno.
1685 5227 1724 5248 *-
1763 5197 1923 5266 fortasse
1957 5201 2126 5269 scribenti.

447 5295 485 5370 7)
528 5291 669 5376 Gregor.
684 5289 731 5355 tt.
1301 5293 1581 5378 „disputationis”
