4770 5962
896 593 959 662 Tit.
972 591 1004 660 8.
1033 591 1086 661 De
1101 591 1367 681 allegationibus.
1931 601 1994 670 377

263 788 358 881 „G.,
388 787 479 858 sicut
504 795 651 882 potero,
678 781 903 880 respondebo
917 785 980 870 ³⁹).
1032 785 1079 856 Et
1104 794 1229 858 eontra
1254 809 1335 857 eum
1360 794 1455 858 certe
1481 785 1685 863 satisfacere
1709 787 1850 863 videtur
1876 792 1990 893 quod·

263 889 375 984 „dam
401 886 654 987 proverbium,
680 884 818 956 duobus
844 886 1006 959 versibus
1035 885 1258 959 adnotatum:
1488 971 1496 988 .

566 991 638 1083 „ln
661 1000 783 1084 pectus
813 989 969 1086 piei40),
998 987 1106 1082 vulgo
1134 989 1227 1060 solet
1252 998 1378 1085 utpote
1403 990 1486 1085 dici,

566 1091 711 1186 „Omne
737 1101 983 1190 retorquetur,
1010 1091 1257 1190 quodcumque
1285 1091 1469 1186 dolerefl)
1497 1091 1646 1167 videtur.

262 1193 475 1294 „Quidquid
501 1195 594 1266 enim
622 1205 746 1265 eontra
777 1220 833 1265 me
858 1182 1114 1297 allegavit42),
1149 1205 1264 1265 totum
1292 1191 1400 1266 debet
1426 1207 1548 1267 eontra
1574 1221 1614 1268 se
1641 1201 1852 1296 retorqueri.
1905 1203 2021 1280 Nouo

261 1299 383 1392 „enim
399 1297 503 1370 credo
522 1323 602 1370 enm
620 1295 735 1368 adbuc
751 1294 915 1368 didicisse
923 1297 971 1388 ⁴³)
988 1298 1145 1388 regulam
1162 1295 1333 1387 veritatis,
1347 1297 1541 1369 secundum
1557 1325 1664 1397 quam
1679 1301 1801 1372 nullus
1816 1301 1924 1377 debet
1936 1307 1988 1378 i'u·

260 1425 371 1494 „cere
395 1399 452 1472 vel
477 1398 593 1471 dicere
617 1423 725 1470 eausa
756 1397 1022 1471 commendandi
1048 1422 1107 1489 se,
1148 1422 1221 1496 quo
1256 1397 1373 1468 minor
1406 1399 1497 1470 alius
1532 1400 1604 1473 liat.
1630 1414 1669 1473 nt
1694 1404 1734 1475 C.
1755 1401 1813 1476 11.
1841 1433 1876 1504 (1.
1892 1405 1930 1478 5.
1958 1433 1988 1481 c.

262 1504 323 1595 „si
351 1503 432 1600 quis
462 1526 555 1574 vero.
574 1497 631 1572 15.
661 1489 756 1608 (pr.)
809 1501 906 1572 Dixit
932 1503 1043 1591 enim,
1074 1524 1130 1570 me
1156 1509 1277 1570 contra
1305 1501 1554 1574 conscientiam
1578 1502 1732 1598 allegare
1758 1521 1906 1606 propter
1931 1535 1989 1582 sa·

262 1605 435 1698 „larium3
478 1603 576 1702 quod
600 1629 671 1674 non
697 1601 863 1694 dixisset,
899 1603 930 1673 si
955 1601 1103 1673 verbum
1137 1599 1376 1693 evangelicum
1404 1605 1637 1700 respexisset:
1672 1607 1746 1704 ipse
1772 1621 1891 1682 tamen
1918 1623 1988 1684 tra·

261 1703 370 1800 „bem
406 1708 443 1777 ia
474 1706 579 1779 oculo
615 1716 731 1799 gestat
761 1716 797 1776 et
828 1705 1002 1776 lestueam
1033 1703 1159 1774 aititur
1189 1727 1314 1775 eruere
1348 1703 1393 1776 de
1419 1706 1531 1778 oeulis
1564 1706 1698 1778 alienis.
1724 1709 1813 1782 (λδ.
1839 1719 1923 1810 (1.7.
1950 1714 1986 1815 g.
2006 1735 2038 1787 ιο

261 1809 373 1901 „item
388 1811 425 1879 in
439 1807 620 1901 evangelio
635 1809 697 1898 44).
744 1807 854 1878 Nisus
880 1817 936 1878 est
961 1815 1141 1902 praeterea
1168 1807 1288 1878 iuvare
1320 1817 1456 1903 partem
1482 1833 1582 1880 suam
1606 1835 1672 1907 per
1696 1811 1862 1907 ambages
1889 1841 1985 1911 suas,

260 1936 380 2010 „quae
408 1909 453 1982 de
478 1937 540 1982 ore
565 1911 732 2007 sapientis
759 1911 854 1981 exire
880 1909 1020 1980 minime
1046 1906 1262 1978 debuissent.
1314 1908 1385 1980 Sed
1415 1909 1493 1980 ideo
1528 1911 1614 2003 luit,
1657 1915 1740 2012 quia
1768 1941 1841 1987 non
1865 1943 1986 2016 respe-

261 2017 342 2106 „xit
371 2011 481 2084 verba
505 2012 652 2083 dicentis
677 2014 773 2082 iuxta
800 2010 907 2082 illud:
935 2021 1124 2106 antequam
1141 2011 1300 2102 sciveris,
1333 2035 1404 2081 non
1423 2011 1679 2109 reprehendas,
1705 2017 1861 2112 intellige
1878 2023 1988 2117 prius,

258 2128 322 2208 „et
342 2125 427 2186 tune
449 2117 600 2211 increpa.
624 2127 663 2186 ut
690 2110 804 2185 (1.44.
834 2139 868 2210 q.
883 2110 920 2183 5.
958 2139 986 2183 c.
1023 2137 1156 2182 eorum.
1175 2109 1236 2182 76.
1314 2109 1352 2181 Si
1384 2112 1474 2183 enim
1510 2113 1598 2186 bene
1632 2117 1677 2189 ad
1710 2121 1892 2216 proposita
1927 2149 1987 2194 au·
2030 2189 2034 2196 .

257 2243 359 2310 „rem
396 2217 660 2289 attentissimum
693 2215 935 2312 praebuisset,
985 2239 1058 2284 non
1095 2223 1300 2285 excusasset
1343 2213 1460 2284 verbis
1498 2217 1601 2288 variis
1638 2229 1675 2290 et
1706 2221 1812 2291 variis
1847 2235 2035 2319 partem15

261 2344 388 2413 „snam
417 2343 525 2416 super
551 2345 614 2411 eo,
662 2318 759 2417 quod
787 2329 841 2390 est
868 2318 903 2388 ia
928 2319 1005 2388 iure
1034 2316 1215 2410 conlassa3
1255 2314 1380 2387 volens
1406 2317 1593 2391 ostendere
1616 2324 1876 2396 revocationem
1902 2353 1987 2399 suae

261 2421 529 2515 „confessionis
581 2423 662 2493 Non
688 2421 780 2492 enim
808 2431 863 2493 est
889 2417 1077 2510 credibile,
1117 2419 1234 2515 ipsum
1262 2443 1341 2489 esse
1365 2419 1416 2489 ita
1440 2421 1599 2514 ignarum
1625 2424 1733 2518 iuris,
1775 2425 1873 2523 quod
1903 2454 1985 2525 pro·

260 2523 365 2621 „pria
391 2523 570 2595 corasessio
597 2527 633 2596 in
659 2525 732 2595 iure
758 2523 851 2594 lacta
879 2521 993 2592 valeat
1020 2523 1195 2614 revocari,
1222 2519 1415 2592 secundum
1445 2524 1674 2597 assertionem
1701 2552 1814 2622 suam,
1837 2529 1904 2601 nisi
1931 2556 1986 2602 er·

260 2651 370 2720 „rore
395 2625 575 2723 probato,
607 2635 646 2696 ut
672 2627 719 2696 X.
748 2627 791 2696 G.
817 2624 861 2695 de
885 2619 1090 2718 confessi,
1106 2619 1165 2694 18.
1193 2649 1222 2694 c.
1249 2622 1314 2694 ult.
1330 2621 1398 2716 ⁴⁵),
1442 2625 1503 2697 sed
1531 2651 1609 2696 cum
1636 2629 1714 2726 ipse
1740 2655 1896 2703 errorem
1924 2657 1985 2705 ve·

260 2728 502 2821 „recondetur
528 2729 662 2819 dicere,
701 2727 801 2798 salvo
827 2725 961 2798 bonore
985 2750 1072 2817 suo,
1116 2725 1376 2798 consessionem
1404 2723 1499 2798 illam
1525 2743 1742 2804 contenere
1769 2757 1841 2804 nnn
1867 2745 1984 2807 osten·
2002 2753 2037 2806 2⁰

258 2830 341 2923 „dit
355 2831 417 2920 46).
468 2833 574 2921 Item,
614 2855 675 2901 eur
705 2828 812 2900 modo
850 2851 922 2898 noa
955 2826 1096 2900 erubuit
1130 2853 1208 2900 mea
1242 2829 1477 2900 iustrumenta
1510 2830 1741 2927 redarguere,
1786 2861 1867 2906 cura
1894 2835 1986 2908 inira

259 2933 477 3023 „terminum
502 2931 569 3001 sibi
594 2931 733 3023 datum,
768 2939 807 3002 ut
832 2929 986 3022 diceret,
1020 2929 1193 3027 quidquid
1218 2929 1347 3020 vellet,
1385 2929 1472 3002 nihil
1499 2932 1610 3004 voluit
1636 2932 1788 3008 obiicere
1814 2937 1871 3008 vel
1901 2965 1984 3036 pro·
2020 2962 2021 2966 ’

260 3031 398 3126 „haret
451 3036 558 3124 Item,
600 3032 780 3131 quomodo
806 3043 878 3102 tam
904 3033 1043 3128 sapiens
1069 3031 1175 3104 bomo
1206 3044 1242 3104 et
1269 3033 1304 3101 in
1330 3042 1484 3130 utroque
1511 3035 1584 3106 iure
1607 3039 1743 3132 peritus
1768 3065 1840 3111 non
1867 3041 1985 3114 timuit

258 3133 405 3228 „dicere
423 3135 471 3226 ⁴⁷)
497 3137 766 3206 instrumentum
794 3133 923 3206 salsum
950 3144 1101 3230 propter
1134 3133 1240 3204 talem
1265 3131 1521 3207 interlinearem
1544 3138 1776 3235 scripturam,
1813 3167 1893 3214 eum
1919 3169 1983 3215 no·

259 3237 399 3330 „tarius
427 3261 465 3307 se
491 3248 626 3308 asserat
650 3239 685 3306 ia
710 3237 779 3308 line
802 3237 1028 3307 instrumenti
1048 3236 1305 3307 interlinearem
1332 3237 1444 3331 ipsam
1466 3237 1614 3310 lecisset
1647 3243 1736 3312 ltem
1762 3269 1877 3315 eoram
1905 3257 1983 3316 tan·
2000 3268 2034 3320 25

260 3339 333 3431 „tis
361 3340 446 3410 viris
472 3349 544 3408 tam
570 3365 732 3433 magnum
759 3337 976 3410 mendacium
1001 3363 1159 3411 asserere
1193 3363 1265 3409 ιιοιι
1298 3363 1499 3434 expavens,
1539 3340 1687 3415 dicendo
1713 3343 1804 3416 duos
1831 3371 1876 3417 ex
1897 3347 1983 3419 meis

260 3439 443 3534 „testibus
470 3441 790 3512 excommunicatos
817 3465 913 3530 esse,
957 3466 1037 3511 cum
1069 3466 1134 3538 per
1170 3437 1353 3536 publicum
1384 3442 1656 3515 instrumentum
1691 3443 1735 3516 de
1759 3447 1920 3544 ipsorum
1932 3449 1982 3544 ⁴⁸)

259 3542 515 3637 „absolutionc
549 3542 650 3615 vobis
683 3543 776 3614 laeta
804 3543 910 3614 luerit
942 3542 1047 3638 plena
1071 3542 1184 3614 lidesi
1235 3544 1345 3633 item,
1389 3569 1454 3614 cur
1484 3569 1555 3616 non
1589 3546 1705 3618 timuit
1737 3547 1855 3622 dicere
1889 3551 1982 3625 dnos
2059 3562 2066 3576 “

260 3643 377 3738 „alios
406 3673 450 3718 ex
477 3643 630 3716 testibus
660 3647 868 3717 criminosos
895 3644 1025 3737 luisse,
1066 3671 1146 3716 cum
1172 3642 1260 3714 nihil
1285 3642 1474 3740 probatum
1508 3647 1578 3720 luit
1604 3660 1729 3719 eontra
1756 3651 1873 3747 ipsos,
1916 3655 1981 3725 nisi

258 3773 352 3844 „per
377 3748 505 3818 sumam
532 3745 771 3830 solummodo,
812 3771 903 3845 quae
937 3772 1002 3843 per
1027 3773 1066 3819 se
1095 3745 1180 3818 nibil
1207 3745 1355 3843 probat,
1398 3749 1461 3818 nisi
1488 3748 1553 3820 alia
1579 3749 1789 3822 adminicula
1815 3777 1857 3823 eo
1883 3756 1981 3826 adiu·
2000 3777 2033 3830 3⁰

259 3849 397 3941 „venti
423 3861 464 3920 ut
489 3849 536 3920 Χ.
565 3852 608 3921 G.
633 3850 679 3922 de
706 3860 896 3947 praesamt.
915 3845 953 3940 Β,
970 3847 1031 3920 23.
1058 3876 1087 3922 c.
1109 3847 1209 3920 illud.
1228 3845 1287 3918 dd.
1302 3849 1350 3941 49)
1405 3851 1511 3943 item,
1537 3851 1623 3948 quid
1649 3851 1852 3943 lutriboc,
1882 3857 1980 3953 quod

262 3951 422 4044 „obiecit
450 3961 574 4022 contra
600 3950 703 4043 illos,
738 3955 800 4049 qui
826 3949 1071 4048 probaverunt
1096 3951 1323 4024 donationem
1351 3953 1490 4044 annuli,
1520 3952 1640 4024 dicens
1666 3977 1727 4024 eos
1753 3979 1825 4025 nen
1850 3960 1980 4054 valere,

262 4079 358 4152 „pro
375 4079 431 4145 eo,
458 4052 556 4150 quod
582 4078 653 4124 non
681 4055 826 4126 luerunt
853 4054 1047 4126 concordes
1074 4053 1117 4125 de
1145 4050 1225 4124 loeo
1254 4053 1361 4127 etde
1388 4053 1573 4149 tempore?
1610 4055 1781 4152 numquid
1807 4061 1980 4155 seivit50),

261 4150 544 4254 ,,(1ιιῑ(1(]ἰ(ιιιιῐὶ2
588 4155 620 4224 si
636 4156 684 4244 51)
717 4157 807 4230 enim
842 4169 996 4252 possunt
1027 4156 1086 4226 isti
1113 4167 1219 4228 testes
1245 4155 1290 4228 ad
1317 4154 1600 4228 concordantiam
1625 4159 1802 4249 revocari,
1844 4175 1879 4234 et
1906 4165 1981 4236 lieri

260 4268 429 4356 „potest,
458 4281 531 4327 non
556 4253 681 4327 debuit
708 4257 786 4328 lieri
811 4270 906 4331 certe
931 4261 994 4332 sic.
1039 4259 1085 4330 X.
1105 4261 1147 4330 G.
1173 4259 1217 4330 de
1244 4255 1361 4328 testib.
1381 4253 1418 4348 2,
1433 4253 1496 4326 ab.
1524 4284 1553 4328 c.
1582 4283 1662 4328 eum
1689 4269 1742 4344 tu.¹
1754 4257 1812 4332 16.
1828 4265 1877 4352 5²)
1916 4268 1979 4340 Isti
1997 4289 2029 4343 aa

301 4507 363 4590 39)
405 4511 600 4590 respondeto.
615 4545 657 4558 -
671 4508 710 4575 Β.
727 4507 886 4573 »Βιιᾱ”ι.”
1198 4508 1257 4591 45)
1302 4505 1352 4572 Cl.
1367 4529 1444 4593 pag.
1460 4508 1530 4573 376.
1547 4529 1635 4576 vers.
1653 4511 1682 4576 1.
1698 4521 1731 4578 et
1745 4532 1840 4600 seqq.

302 4609 362 4696 40)
405 4613 445 4674 Ia
466 4615 579 4691 pectus
599 4615 672 4692 piei.
699 4645 740 4662 -
767 4609 808 4676 Β.
829 4611 1019 4696 ”Inspectus
1041 4611 1089 4695 pi·
1197 4611 1256 4694 46)
1299 4633 1361 4673 ιιοιι
1376 4615 1515 4675 relaedit.
1531 4612 1603 4676 abe.
1619 4613 1689 4676 aB.

259 4711 360 4780 „seb”
1198 4714 1256 4796 47)
1300 4718 1407 4776 disere.
1423 4749 1464 4760 -
1482 4711 1522 4776 B.
1539 4715 1714 4778 „ducere”

301 4815 360 4900 41)
404 4816 514 4878 dolere.
528 4849 570 4860 -
584 4811 623 4877 Β.
640 4811 805 4878 „dolare”
1196 4815 1255 4899 48)
1298 4824 1446 4896 ipsoram.
1463 4851 1503 4862 --
1518 4813 1557 4878 Β.
1573 4815 1706 4898 „ipius”

301 4916 362 4999 42)
404 4919 556 4995 otteyooit.
571 4951 612 4966 -
627 4914 666 4980 B.
683 4913 877 4998 sallegnui.”
1196 4915 1255 5000 49)
1298 4913 1462 4981 Alexand.
1475 4917 1503 4980 3.

301 5017 361 5100 43)
403 5023 553 5081 didicisse.
568 5053 610 5066 -
625 5017 663 5082 Β.
679 5017 899 5082 „addidisse”
1196 5017 1256 5100 50)
1298 5025 1394 5082 reiut.
1409 5017 1505 5081 —B.
1521 5019 1652 5083 »saiw

302 5119 361 5204 44)
406 5120 439 5184 0.
457 5123 490 5184 3.
515 5141 542 5203 q.
560 5123 592 5184 7.
612 5119 650 5200 3.
668 5126 741 5184 item
754 5125 787 5183 ιἰι
802 5122 966 5199 aouapelio.
985 5119 1039 5192 (ad
1056 5141 1086 5186 e·
1196 5117 1256 5203 bl)
1299 5128 1336 5183 ei.
1351 5155 1392 5168 —
1407 5119 1446 5184 B.
1463 5119 1556 5186 »ιιὸ.”

258 5221 290 5286 Β.
306 5217 375 5286 inl
392 5219 539 5286 Gratiae.
554 5219 585 5308 §.
602 5221 647 5303 1.)
662 5253 705 5272 -
725 5219 765 5286 B.
781 5221 853 5288 „tlt
868 5241 899 5308 q.
913 5219 995 5286 Vlll.
1012 5241 1087 5287 ver·
1197 5219 1256 5306 59.)
1299 5219 1460 5287 Alexand.
1475 5222 1506 5286 3.

258 5323 321 5387 aba
334 5321 365 5388 si
378 5321 477 5388 nult.”
