4786 5962
500 515 572 600 (De
587 534 763 584 causarum
778 514 995 602 delegatione.
1024 514 1055 604 δ.
1065 514 1116 582 18.
1143 515 1283 584 Excurs-
1298 517 1341 584 de
1356 515 1441 584 citet
1455 538 1489 602 p.
1505 518 1622 587 edicta.
1652 517 1672 606 §
1689 517 1756 606 19.)
1957 521 1999 590 41

278 709 342 784 sed
368 708 547 808 requirere
579 718 616 784 et
643 731 787 782 mouere
812 705 1006 802 litigatores
1034 713 1173 803 potest,
1199 718 1242 779 nt
1266 705 1311 778 od
1336 731 1478 780 causam
1503 706 1653 782 veniant.
1678 719 1719 782 ut
1746 703 1835 799 cod.
1858 707 1902 784 rie
1928 709 1999 782 iud.

277 811 317 904 5,
346 808 379 884 1.
406 810 431 883 l.
460 811 643 882 sancimus.
665 805 722 882 15.
753 809 791 880 in
816 808 841 879 l‘.

379 911 493 984 Hodie
529 924 643 984 autem
678 913 753 984 inre
785 935 980 1003 canonum,
1021 935 1101 982 cum
1133 909 1298 981 dominus
1332 935 1424 1008 papa
1458 911 1563 984 alicui
1595 935 1734 986 causam
1769 913 1909 1008 delegat
1941 911 2000 986 vel
2084 907 2092 920 ’

280 1014 479 1108 committit,
504 1014 687 1107 delegatus
712 1013 854 1111 plenam
880 1022 1094 1111 potestatem
1119 1011 1248 1107 recipit
1273 1010 1461 1110 superbis
1488 1010 1673 1106 omnibus,
1715 1039 1807 1113 quac
1832 1015 1876 1086 ad
1902 1014 1999 1087 iliam

279 1143 420 1190 causam
457 1128 617 1213 spectare
649 1127 855 1188 noscuntur.
906 1115 1025 1208 Ergo,
1060 1114 1143 1186 licet
1174 1138 1246 1185 non
1279 1115 1499 1186 contineatur
1524 1115 1561 1184 in
1587 1114 1699 1188 literis
1730 1117 2033 1209 commissionis‚⁵

280 1218 378 1317 quod
405 1218 520 1316 possit
542 1228 661 1316 partes
687 1243 813 1312 cogere
832 1229 868 1289 et
890 1227 1113 1288 contumaces
1136 1216 1263 1312 punire
1287 1216 1344 1289 vel
1363 1240 1462 1287 snam
1484 1218 1631 1313 exsequi
1655 1219 1877 1313 sententium,
1904 1233 2000 1292 recte

280 1334 395 1393 tamen
421 1321 552 1418 poterit
576 1319 663 1392 baec
689 1320 803 1393 omnia
833 1317 966 1412 lacere,
1002 1329 1043 1389 ut
1068 1316 1105 1388 in
1133 1317 1179 1388 Χ.
1208 1330 1233 1389 t.
1260 1316 1305 1389 de
1332 1318 1393 1391 off.
1410 1325 1456 1390 “et
1483 1329 1612 1414 potest.
1642 1317 1715 1392 iud
1747 1319 1815 1393 del.
1841 1345 1871 1392 c.
1897 1345 2000 1418 prae·

281 1436 375 1496 terea
403 1447 512 1519 super
537 1420 615 1494 boc.
634 1419 666 1519 8)
693 1448 722 1493 c.
753 1421 970 1493 sententiam.
989 1421 1021 1518 ⁹)
1049 1445 1079 1490 c.
1106 1419 1323 1513 significasti.
1338 1422 1385 1509 ¹⁰)
1412 1419 1510 1490 etin
1536 1420 1583 1490 Χ.
1608 1415 1705 1494 Lucii
1730 1422 1836 1495 tertii.
1862 1424 2001 1520 quaesi·

280 1537 353 1598 tum
377 1535 442 1596 est.
458 1527 504 1614 11)
532 1536 567 1594 et
593 1525 629 1594 in
655 1523 816 1596 Decretis
843 1523 881 1593 0.
904 1519 940 1594 d.
968 1517 1053 1618 q.5.
1080 1546 1110 1593 c.
1136 1521 1307 1619 quisquis.
1322 1523 1369 1613 12)
1396 1521 1430 1592 si
1459 1520 1658 1593 ordinarius
1690 1521 1795 1596 iudex
1819 1522 1916 1595 illius
1944 1549 2000 1596 re·

281 1626 433 1725 quisitus
454 1623 631 1719 noluerit,
660 1622 717 1696 vel
743 1651 815 1696 non
840 1624 1007 1721 potnerit,
1034 1622 1313 1717 velueglcxerit
1338 1624 1546 1696 senteutiam
1574 1626 1793 1698 exsecutioni
1817 1624 2052 1718 mandare31o

281 1727 375 1827 qnod
402 1726 581 1820 colligitur
606 1753 650 1799 ex
676 1726 740 1799 illo
766 1726 812 1797 X.
839 1725 1058 1797 sententiam.
1085 1735 1191 1798 etex
1218 1722 1330 1798 altero
1357 1726 1405 1797 Χ.
1430 1723 1646 1819 significasti.

381 1827 416 1928 ἕ.
437 1833 466 1920 1)
518 1830 659 1900 Dictum
676 1840 750 1921 est,
776 1827 874 1925 quod
900 1827 1081 1920 delegatus
1108 1851 1174 1897 nec
1200 1839 1281 1898 ante
1307 1825 1405 1898 litem
1430 1836 1683 1918 contestatam,
1711 1852 1776 1900 uec
1794 1828 1897 1900 etiarn
1918 1821 2102 1925 post§.19.

281 1921 345 2027 per
372 1929 485 2002 edicta
512 1942 631 2028 potest
665 1931 794 2022 citare,
839 1930 906 2000 nisi
938 1929 986 2000 sit
1018 1927 1201 2022 delegatus
1227 1954 1247 1998 a
1272 1929 1440 2026 principe.
1492 1929 1587 2022 Ergo
1614 1927 1814 2022 videamus,
1853 1917 2003 2027 qualiter

280 2030 357 2103 lieri
380 2029 531 2104 debeant
557 2058 622 2128 per
645 2031 759 2105 edicta
784 2032 978 2104 citationes.
1031 2029 1146 2122 Olim,
1190 2030 1263 2102 iure
1290 2031 1435 2127 antiquo
1461 2031 1642 2126 inspecto,
1684 2028 1915 2102 mittebantur
1940 2029 2002 2102 ab·

281 2133 374 2204 senti
399 2135 466 2205 tria
494 2133 627 2226 edicta,
667 2131 801 2205 babens
829 2131 1104 2231 unumquodque
1133 2131 1356 2204 intervallum
1381 2155 1454 2201 nou
1481 2133 1595 2201 minus
1621 2130 1925 2226 decendium,
1968 2144 2003 2206 et
2022 2153 2054 2204 lt

281 2247 389 2332 post,
428 2235 563 2308 scilicet
589 2249 715 2336 quarto
742 2235 844 2328 loco,
887 2234 1158 2331 peremtorinm,
1195 2232 1275 2307 ideo
1306 2234 1358 2306 sic
1382 2231 1537 2324 dictum,
1578 2231 1675 2330 quod
1699 2257 1841 2306 cansam
1867 2246 1904 2306 et
1930 2235 2004 2306 eins

282 2337 571 2434 disceptationem
599 2339 738 2435 perimit
764 2348 799 2408 et
826 2362 898 2408 uon
925 2337 1059 2433 patitur
1084 2333 1323 2407 adversarium
1350 2331 1446 2406 ultra
1472 2335 1712 2430 tergiversari,
1737 2346 1773 2407 et
1788 2335 2005 2434 quandoque

282 2441 533 2537 peremtorium
558 2437 761 2511 mittebatur
787 2441 926 2531 statim,
963 2449 998 2508 et
1022 2435 1204 2509 dicebatur
1231 2464 1341 2509 unum
1366 2461 1434 2534 pro
1462 2433 1646 2530 omnibus,
1688 2436 1900 2535 quandoque
1924 2439 2005 2509 mit·

285 2539 426 2613 tebatnr
451 2553 536 2639 post
563 2568 670 2613 unum
693 2540 845 2614 edictum
871 2539 931 2611 vel
957 2538 1118 2612 alterum.
1169 2539 1283 2612 Hodie
1315 2540 1435 2612 vocari
1467 2547 1503 2611 et
1536 2538 1635 2609 citari
1661 2536 1767 2611 debet
1792 2537 1904 2609 tribus
1932 2539 2005 2612 edi-

285 2644 371 2737 ctis,
411 2669 477 2742 per
508 2643 692 2717 intervalla
726 2643 871 2735 triginta
899 2640 1032 2714 dierum
1068 2641 1105 2710 in
1141 2633 1352 2739 unaquaque
1383 2640 1589 2731 vocatione,
1623 2649 1664 2710 nt
1698 2637 1847 2711 babetur
1877 2641 1915 2710 in
1939 2639 2005 2713 illo
2021 2653 2057 2706 ιο

283 2744 394 2818 Autb.
423 2747 486 2845 qni
506 2745 617 2818 semel
643 2747 815 2818 actionem
844 2753 909 2816 etc.
928 2741 962 2841 2)
1012 2741 1084 2815 Sed
1111 2742 1253 2841 quidam
1280 2744 1421 2835 dicunt,
1463 2739 1559 2838 quod
1588 2739 1684 2812 istud
1708 2738 1816 2814 Autb.
1845 2738 2006 2839 loquitur

284 2847 486 2943 specialiter
513 2857 594 2919 aute
618 2846 716 2920 litem
741 2856 972 2919 contestatam
998 2856 1035 2918 ct
1061 2844 1098 2916 in
1122 2855 1243 2918 actore
1268 2842 1435 2936 absente,
1463 2853 1498 2918 et
1515 2842 1546 2934 ³)
1567 2842 1684 2915 locum
1707 2841 1815 2915 babet
1834 2841 1893 2916 lex
1916 2841 2004 2916 cod.

326 3096 363 3181 8)
407 3118 436 3161 c.
451 3095 482 3160 6.
498 3095 540 3160 Χ.
557 3096 583 3160 l.
599 3094 668 3161 b.t.
685 3097 720 3177 1,
735 3095 786 3161 nl.
801 3097 859 3162 siv.
877 3115 905 3161 c.
920 3096 949 3159 5.
965 3095 1006 3159 X.
1023 3094 1062 3160 G.
1078 3113 1108 3160 e.
1177 3095 1371 3182 „delegatus
1386 3095 1686 3174 tamordiuarinm,
1708 3112 1807 3180 quam
1820 3091 1937 3176 ulium,
1952 3094 2005 3160 cni

286 3209 305 3262 t.
323 3199 354 3279 l,
368 3195 421 3262 99.
435 3195 598 3262 Alexand.
614 3195 644 3261 3.
1178 3197 1418 3277 amandaverit,
1434 3217 1558 3282 cogere
1574 3196 1617 3261 ad
1631 3193 1817 3260 faciendum
1834 3214 1894 3276 ca,
1919 3215 2005 3281 qnae

326 3299 364 3384 9)
408 3297 711 3378 cX.l.e.t.(haud
726 3299 890 3385 receptin
905 3297 980 3364 coll.
992 3299 1110 3384 Greg.)
1179 3301 1389 3384 „praecepit‚
1420 3299 1515 3379 etei,
1546 3297 1602 3383 qui
1623 3296 1761 3364 obedire
1781 3297 2005 3378 contemserit,

284 3399 447 3466 Alexand.
466 3399 496 3464 3.
517 3399 723 3465 Vintoniensi
745 3399 920 3487 episcopo:
949 3401 1111 3467 »Senten-
1180 3418 1344 3486 „poenam
1357 3398 1511 3486 infligere
1527 3387 1800 3482 competentem?

287 3503 384 3568 „dam
399 3522 420 3568 a
435 3499 588 3586 delegato
607 3501 716 3567 iudice
731 3500 847 3582 latam,
875 3505 905 3568 si
919 3503 963 3566 ad
977 3504 1112 3568 manda·
1225 3501 1281 3586 19)
1327 3503 1360 3566 0.
1376 3507 1409 3564 4.
1424 3525 1452 3586 o.
1467 3506 1499 3566 5.
1515 3525 1540 3566 o.
1555 3499 1745 3584 quupuuB.
1761 3498 1796 3562 P.
1806 3498 1956 3566 l.-Al.
1966 3499 2040 3568 C.5

287 3615 373 3670 ntum
392 3603 500 3688 ipsius
529 3602 648 3670 indicis
677 3603 901 3670 dioecesanus
931 3605 1113 3690 episcopus
1181 3602 1231 3668 »3.
1247 3623 1279 3688 q.
1293 3601 1325 3667 5.
1340 3601 1443 3688 qnis.”
1459 3603 1498 3668 P.
1513 3603 1543 3668 2.
1559 3636 1601 3650 -
1621 3599 1673 3688 n§.
1687 3601 1719 3666 4.
1743 3621 1773 3686 q.
1788 3599 1819 3664 5.
1835 3599 1902 3666 19.
1918 3601 2007 3686 quis·

286 3705 511 3771 „exsecutioni
526 3705 685 3770 mandare
700 3704 902 3790 neglexerit,
927 3706 977 3785 is,
1000 3706 1055 3790 qui
1070 3724 1125 3770 ex.
1182 3705 1307 3792 „quis”
1318 3703 1357 3770 G.
1372 3737 1414 3752 -
1430 3701 1699 3771 Substimcndum
1715 3720 1794 3767 esse
1806 3711 1885 3788 puto
1900 3701 1959 3766 »0.
1975 3699 2007 3766 9.

261 3793 516 3892 ¹„delegatione
544 3805 684 3872 Romani
714 3805 880 3890 pontificis
916 3809 1112 3872 sententiam
1181 3827 1232 3891 eq.
1250 3805 1281 3871 6.
1297 3827 1324 3874 c.
1342 3805 1503 3892 quisquis.
1520 3805 1591 3872 19.”
1634 3803 1683 3868 lbi
1702 3803 1791 3878 enim
1807 3803 1910 3868 Grau.
1925 3801 1959 3868 in
1973 3821 2005 3866 v.

288 3907 396 3989 attulit,
419 3929 494 3974 cam
516 3908 721 3974 exsecutioni
740 3906 919 3980 mandandi
932 3903 1066 3990 plenam
1081 3916 1114 3972 et
1183 3907 1342 3994 quisquis.
1372 3907 1482 3972 „istud
1503 3927 1531 3972 c.
1547 3903 1729 3990 intelligunt
1743 3903 1875 3990 quidam
1890 3903 1932 3968 de
1947 3904 2006 3970 de·

289 4007 445 4076 „liberam
459 4008 581 4074 habeat
595 4005 811 4076 facultatem.’'
1182 4007 1323 4095 elegatis
1347 4008 1526 4083 iudicibus,
1556 4026 1694 4093 quorum
1719 4007 1916 4072 sententiam
1937 4006 2006 4090 epi·
2025 4019 2058 4068 to

332 4109 388 4195 19)
432 4131 461 4176 e.
476 4111 506 4176 9.
531 4110 572 4175 Χ.
596 4111 626 4176 l.
650 4129 679 4175 e.
702 4120 724 4175 t
745 4111 805 4176 siv.
828 4130 855 4176 c.
870 4111 900 4175 7.
922 4109 964 4176 Χ.
979 4109 1018 4177 G.
1041 4131 1070 4178 c.
1091 4121 1112 4176 t.
1182 4131 1328 4194 oscopns
1356 4109 1423 4174 loci
1451 4117 1581 4192 tenetur
1608 4107 1767 4172 mandare
1789 4106 2006 4172 exsecutioni.

289 4209 451 4276 Alexand.
465 4211 496 4276 3.
1183 4223 1238 4280 „nt
1258 4212 1300 4276 X.
1322 4208 1364 4277 G.
1387 4207 1503 4275 deod.
1526 4206 1635 4294 daleg.
1658 4227 1685 4274 c
1702 4205 1924 4294 significasti?
1954 4205 2005 4272 cf.

333 4311 389 4396 ll)
434 4331 462 4376 c.
477 4311 607 4378 2.X.2.
623 4310 735 4394 e.t.l‚
751 4312 798 4376 19.
817 4311 921 4396 (baud
937 4312 1113 4398 recept.in
1181 4322 1247 4378 not.
1264 4311 1314 4376 10.

290 4409 492 4497 colLGreg.)
507 4413 587 4488 Luc.
603 4413 630 4480 3.
647 4415 773 4480 Novan.
790 4417 966 4500 episcopo:
982 4414 1113 4488 „Quae
1226 4411 1261 4495 1)
1303 4410 1340 4475 Β.
1369 4409 1472 4477 inscr.
1494 4410 1564 4478 ”De
1583 4409 1791 4478 citationibus
1818 4407 1917 4476 sactis
1945 4429 2007 4494 per

290 4515 407 4579 „situm
423 4523 475 4580 est
488 4532 509 4577 a
522 4514 618 4578 nobis
633 4535 676 4580 ex
690 4525 785 4600 parte
800 4527 872 4596 tua,
897 4517 927 4582 si
941 4516 1042 4582 iudex
1056 4516 1113 4580 de·
1181 4513 1338 4578 „edicta”
1350 4548 1386 4562 ·—
1395 4514 1432 4579 P.
1440 4514 1470 4578 9.
1484 4514 1597 4580 adul.
1612 4511 1781 4590 „Qualiter
1795 4510 1905 4577 citatio
1918 4509 2005 4578 fint”
2025 4537 2056 4586 15

291 4615 442 4700 „legatus
457 4613 556 4682 indici
571 4613 737 4684 ordinario
751 4618 973 4698 mandaverit,
988 4627 1023 4681 ut
1036 4636 1114 4703 par·
1181 4653 1222 4662 —
1239 4613 1277 4681 G.
1293 4613 1363 4682 oDe
1379 4614 1564 4681 citatione.’'
1594 4649 1635 4698 -ς
1663 4617 1708 4678 Ιο.
1724 4613 1826 4676 Andr.
1846 4617 1891 4676 od
1902 4616 1944 4677 D.
1958 4637 2005 4696 ep.

291 4727 362 4782 „tes
377 4716 453 4782 citet
466 4715 521 4781 vel
536 4727 739 4800 exsequatur
754 4721 968 4805 sententiam,
998 4739 1041 4783 an
1057 4720 1113 4784 de·
1180 4715 1234 4782 lib.
1251 4717 1280 4780 9.
1307 4737 1340 4800 p.
1357 4716 1386 4781 l.
1408 4719 1442 4782 in
1463 4717 1554 4782 rubr.
1575 4716 1617 4780 de
1637 4713 1800 4779 citatione.
1815 4712 1949 4780 „Pauus
1965 4751 2006 4766 -··

292 4819 422 4905 „legato
443 4818 542 4884 iudici
560 4825 710 4884 teneatur
731 4819 876 4886 obedire.
906 4819 990 4886 Cmn
1005 4831 1115 4887 autem
1181 4853 1222 4867 -
1237 4817 1353 4884 charta
1366 4816 1416 4882 3.”
1434 4817 1543 4900 (libri,
1573 4837 1638 4903 quo
1652 4815 1697 4880 lo.
1712 4812 1816 4880 Andr.
1837 4817 2006 4897 utebatur)

292 4941 378 4988 „non
393 4939 473 5000 suu,
503 4921 564 4984 sed
581 4916 765 5004 delegantis
779 4917 851 4984 vice
871 4919 1040 5008 fungatur,
1070 4932 1114 5002 et,
1184 4920 1315 5005 „posuit
1329 4918 1371 4984 de
1387 4921 1594 4988 citationibus
1608 4915 1772 4983 iaciendis
1792 4935 1855 5002 per
1868 4917 2007 4984 edicta.”

292 5043 388 5088 „cnm
415 5020 516 5087 indici
544 5018 697 5104 delegato
725 5019 904 5086 iurisdictio
931 5023 1113 5108 delegatur,
1225 5021 1265 5098 9)
1308 5022 1351 5086 ad
1366 5018 1518 5087 18.οο(1.
1534 5039 1642 5106 quom.
1657 5028 1690 5083 et
1705 5018 1825 5104 quand.
1840 5017 1906 5082 iud.
1922 5030 1998 5084 sent
2023 5035 2057 5088 ιο

294 5121 536 5208 „intelligantur
551 5122 660 5188 onmia
674 5119 841 5207 delegari,
858 5141 943 5208 qnae
960 5124 1003 5188 ad
1017 5123 1112 5189 iuris·
1181 5119 1264 5208 prof.
1280 5122 1355 5188 deb.
1371 5123 1402 5203 7,
1417 5120 1470 5188 43.

294 5225 491 5290 „dictionem
506 5221 620 5290 secere
643 5222 832 5300 videantur3
863 5223 980 5287 merito
994 5227 1113 5324 poterit
1223 5221 1262 5309 3)
1304 5232 1342 5288 et.
1356 5222 1393 5287 Β.
1410 5221 1448 5288 P.
1461 5222 1489 5288 l.
1504 5221 1582 5286 9.-
1599 5221 1712 5288 0.οιιι.
1728 5255 1767 5268 -
1784 5216 1835 5286 Cf.
1850 5229 1916 5284 not
1932 5239 2003 5307 seq.

1793 5371 1820 5446 o
