4812 5966
386 570 429 636 76
959 565 1044 632 Pillii
1073 565 1116 633 de
1144 567 1212 632 ord
1242 565 1390 632 iudicior.
1432 564 1469 633 Ρ.
1482 563 1513 630 3.

288 761 383 866 §.15
485 758 520 859 §-
542 758 576 856 1)
626 760 787 832 Testium
816 755 1095 853 depositionibus
1137 754 1239 829 lectis
1272 765 1308 828 ct
1342 752 1530 853 publicatis
1563 765 1599 828 et
1632 755 1875 828 instrumentis
1909 753 1991 828 binc
2024 757 2105 830 iude

390 862 539 960 prolatis
565 871 601 932 et
627 861 746 953 editis,
777 861 965 954 insurgunt
990 859 1141 931 vicissim
1168 881 1350 930 causarum
1374 843 1536 955 pat'roni,
1566 858 1628 954 qui
1654 857 1830 951 gloriosae
1856 860 1952 931 vocis
1982 859 2106 931 conlisi

390 964 580 1036 munimine
605 961 704 1060 lapsa
726 962 885 1056 erigunt,
930 962 1076 1055 fatigata
1101 970 1267 1056 reparent
1298 969 1334 1032 et
1359 984 1544 1033 causarum
1569 959 1739 1033 dirimunt
1762 958 1926 1055 ambigua
1953 959 2045 1034 lacta
2062 963 2105 1053 ²).

391 1065 494 1138 Unde
508 1065 686 1137 sciendum
704 1075 778 1156 est,
808 1063 905 1164 quod
931 1088 1013 1160 pare
1040 1063 1169 1134 actoris
1196 1063 1311 1158 primo
1330 1058 1362 1160 ³)
1391 1060 1497 1133 debet
1521 1059 1628 1134 iudici
1652 1061 1758 1134 iidem
1782 1062 1899 1134 faeere
1925 1071 1962 1134 et
1987 1073 2105 1135 osten·

358 1168 492 1261 odere,
535 1165 687 1266 qualiter
712 1168 801 1239 aetio
829 1165 1011 1264 proposita
1039 1161 1107 1235 sibi
1129 1173 1306 1262 competat
1333 1174 1368 1236 et
1393 1164 1428 1234 in
1454 1187 1518 1234 sna
1550 1187 1652 1234 cansa
1682 1163 1798 1235 locum
1832 1161 1902 1235 sibi
1934 1163 2108 1258 vindicet,

390 1271 494 1362 item,
521 1271 551 1340 si
570 1266 745 1360 testibus,
786 1268 842 1340 vel
869 1267 1132 1358 instrumentis,
1168 1266 1225 1338 vel
1255 1265 1331 1337 abis
1363 1264 1524 1359 legitimis
1551 1263 1685 1358 modia,
1724 1265 1783 1338 vel
1807 1265 1931 1336 saltem
1956 1289 2022 1363 per
2046 1264 2108 1337 ad·

327 1415 339 1432 „
391 1371 536 1443 versarii
563 1371 841 1463 confessionem,
881 1393 981 1440 snam
1009 1366 1176 1466 probavit
1199 1368 1424 1440 intentionem
1449 1368 1525 1439 sive
1552 1365 1733 1462 fundavit,
1768 1377 1805 1440 et
1830 1391 1975 1440 suorum
2000 1366 2108 1440 debet

392 1474 535 1546 testium
563 1473 825 1544 consonantium
851 1471 980 1564 facere,
1006 1481 1042 1543 et
1067 1495 1187 1542 eorum
1214 1469 1307 1542 dicta
1334 1467 1561 1561 confirmare,
1588 1479 1624 1541 ct
1649 1470 1760 1566 partis
1787 1467 1956 1542 adversae
1982 1469 2108 1541 testifi-

392 1586 468 1648 cata
493 1573 705 1668 infringere,
740 1575 832 1645 sicut
858 1572 981 1644 melius
1009 1573 1139 1670 poterit
1165 1569 1301 1665 legibus
1329 1581 1365 1643 et
1392 1572 1627 1665 argumentis,
1652 1572 1735 1643 item
1761 1569 1976 1669 respondere
2001 1567 2109 1643 debe·

344 1695 377 1748 10
392 1675 445 1748 bit
470 1673 640 1747 subtilius
668 1697 772 1773 quam
798 1677 930 1772 poterit
954 1673 1100 1747 obiectis
1126 1684 1162 1746 et
1188 1673 1364 1771 oppositis
1390 1697 1435 1745 ex
1460 1683 1561 1770 parte
1575 1671 1739 1746 adversa.
1792 1673 1858 1746 liei
1884 1683 2001 1744 antem
2025 1696 2109 1770 pars

391 1776 499 1851 debet
527 1777 579 1848 sio
598 1776 771 1870 allegare,
809 1789 850 1848 ut
876 1778 1034 1874 inprimis
1055 1774 1222 1848 ostendat
1245 1785 1280 1848 ct
1304 1771 1455 1872 probet,
1497 1775 1529 1846 si
1553 1785 1694 1875 potest,
1734 1773 1831 1873 quod
1856 1775 1948 1847 actio
1974 1797 2108 1871 propo·

390 1881 457 1952 sita
482 1878 601 1949 locum
627 1903 699 1950 nou
725 1876 866 1972 babeat,
893 1891 948 1970 ct,
976 1879 1007 1950 si
1033 1879 1222 1976 competit,
1247 1875 1355 1949 debet
1379 1887 1591 1970 monstrare,
1617 1877 1649 1948 si
1672 1886 1907 1976 protestatum
1934 1877 2110 1974 exceptio·

391 2007 471 2052 nem
496 1978 683 2077 probavit,
714 2005 760 2052 ex
787 2005 857 2081 qua
883 1978 1011 2052 debeat
1038 1981 1128 2052 actio
1154 1979 1234 2052 elidi
1259 1979 1414 2072 agentis,
1444 1989 1480 2051 et
1506 1979 1557 2051 sie
1581 2003 1646 2077 per
1668 1979 1809 2074 singula
1837 1977 1973 2071 dicere,
1999 1977 2109 2076 quali·

390 2095 553 2154 terreus
580 2079 885 2156 sitabsolvendns
911 2094 947 2154 et
972 2079 1360 2154 noncondemnaadns.
1412 2081 1594 2153 Econtra
1619 2091 1738 2174 actor,
1773 2082 1803 2152 si
1827 2089 1968 2179 potest,
2003 2076 2111 2152 debet

342 2213 375 2264 15
393 2181 596 2278 ostendere,
635 2184 742 2267 sirei
773 2183 1017 2281 exceptionem
1050 2183 1167 2280 possit
1193 2181 1323 2256 elidere
1355 2205 1419 2254 sua
1448 2183 1698 2279 replicatione,
1744 2191 1781 2256 et
1813 2184 1864 2254 sic
1888 2207 1954 2280 per
1976 2181 2111 2276 singula

391 2285 506 2357 dicere
532 2295 568 2356 et
592 2283 765 2379 allegare,
806 2285 958 2385 qualiter
984 2300 1109 2358 contra
1141 2309 1241 2356 mum
1256 2333 1258 2341 ι
1273 2310 1340 2382 pro
1366 2307 1410 2356 eo
1428 2284 1460 2376 ⁴)
1486 2282 1743 2374 debeatiudex
1771 2286 1979 2358 sententiam
2006 2283 2110 2356 ferre.

391 2384 529 2476 Quibus
554 2383 635 2458 bine
659 2385 741 2460 inde
767 2389 819 2460 sic
849 2387 1022 2485 peroratis
1054 2384 1258 2481 subtiliter,
1294 2387 1521 2459 renunciatur
1545 2385 1834 2482 allegationibus,
1873 2398 1909 2460 et
1935 2395 2021 2483 post
2039 2385 2109 2458 ier·

388 2499 446 2559 tur
464 2490 495 2580 5)
520 2490 711 2581 sententia,
736 2491 804 2561 nisi
831 2490 1039 2562 interveniat
1066 2486 1242 2560 arbitralis
1268 2513 1333 2561 seu
1358 2486 1551 2560 amicabilis
1578 2489 1802 2587 compositio.
1826 2529 1879 2546 -
1911 2487 1982 2562 Sed
2010 2488 2110 2586 quid,

389 2591 515 2662 sinon
551 2589 659 2661 fucrit
686 2589 957 2686 allegationibus
984 2591 1224 2664 renunciatum
1258 2601 1296 2664 et
1324 2589 1432 2664 iudex
1463 2591 1673 2664 sententiam
1700 2590 1844 2685 tulerit,
1881 2615 1926 2662 an
1954 2586 2109 2666 valebit?

341 2714 375 2768 2⁰
392 2692 523 2789 Resp,
550 2691 679 2785 oredo,
706 2693 802 2790 quod
829 2694 889 2768 sic.
906 2693 938 2786 ⁶)
1071 2711 1073 2716 '

395 2962 515 3026 „quam
529 2961 607 3024 reo,
625 2943 681 3011 vel
696 2946 905 3012 econtrario.
919 2944 1033 3029 Resp,
1049 2945 1220 3032 distingui·
1288 2944 1326 3010 P.
1341 2945 1461 3022 „Quot
1482 2946 1524 3011 sit
1543 2947 1779 3013 advocatorum
1791 2943 1967 3013 officium.”
1995 2981 2036 2992 -
2066 2947 2110 3007 lo.

394 3053 475 3124 ntur,
490 3053 598 3108 utrum
612 3066 691 3111 reus
706 3052 923 3115 conveniatur
938 3069 981 3114 ex
994 3045 1082 3113 iacto
1098 3045 1219 3129 alieno,
1288 3047 1390 3110 Andr.
1405 3052 1449 3111 ad
1460 3049 1500 3111 D.
1522 3070 1569 3130 ap.
1588 3046 1645 3113 lib.
1660 3049 1689 3113 2.
1718 3069 1751 3134 p.
1765 3047 1796 3114 2.
1814 3047 1848 3113 in
1869 3050 1958 3114 rubr.
1982 3047 2024 3113 de
2044 3045 2110 3111 dis-

394 3143 447 3208 nid
467 3153 519 3210 est
539 3143 739 3212 hereditario
760 3147 816 3214 vel
834 3147 918 3230 alio,
949 3169 992 3214 an
1007 3149 1220 3216 conveniatur
1287 3149 1478 3232 putationib.
1502 3159 1535 3214 et
1559 3148 1780 3237 allegationib.
1802 3149 1990 3217 advocator.
2028 3146 2110 3211 aPil-

394 3264 454 3310 aex
463 3247 611 3331 proprio,
626 3247 660 3313 id
675 3260 727 3313 est
741 3251 783 3315 ab
799 3270 839 3316 eo
856 3260 1039 3327 contracto;
1063 3253 1095 3316 in
1112 3252 1218 3336 primo
1287 3250 1370 3316 alius
1385 3251 1437 3318 sui
1452 3253 1564 3335 operis
1579 3253 1710 3335 parted.
1724 3252 1836 3334 posuit
1849 3253 1956 3331 rubr„
1972 3247 2111 3337 qualiter

296 3349 299 3355 '
361 3373 377 3423 5
396 3365 500 3411 „casu
525 3346 673 3416 dubitare
703 3351 803 3416 debet
823 3360 856 3416 et
873 3349 951 3417 ideo
974 3363 1220 3419 sacramentum
1288 3353 1459 3418 »advocati
1474 3353 1616 3420 debeant
1629 3351 1777 3438 allegare
1791 3363 1824 3417 et
1839 3353 1913 3437 quis
1927 3351 2066 3437 primo.”
2079 3361 2111 3416 et

395 3455 468 3511 »est
482 3446 698 3517 deserendum
722 3451 844 3535 actori,
875 3451 931 3538 qui
951 3471 1019 3516 non
1042 3454 1167 3519 dubitat
1188 3463 1221 3518 et
1287 3453 1321 3516 in
1335 3453 1411 3517 add.
1430 3453 1475 3518 ad
1494 3452 1549 3520 lib.
1566 3456 1595 3520 l.
1616 3475 1648 3539 p.
1663 3454 1694 3520 4.
1716 3456 1750 3519 in
1772 3454 1860 3517 rubr.
1882 3453 1924 3519 de
1937 3455 2110 3519 advocato.

394 3545 534 3615 »medus
550 3551 648 3616 debet
662 3553 770 3630 scire3
788 3553 899 3620 sedin
914 3553 1063 3620 secundo
1078 3575 1160 3620 casu
1174 3555 1220 3620 ita
1288 3551 1382 3618 „Ptlt
1396 3575 1430 3638 p.
1444 3553 1474 3619 4.
1496 3555 1587 3640 ponit
1612 3557 1654 3621 de
1676 3553 1863 3634 advocatis,
1892 3551 2033 3639 qualiter
2052 3553 2110 3617 de·

395 3652 639 3734 »praesumitur
659 3664 693 3718 at
713 3655 859 3721 creditur
885 3675 980 3720 reum
1004 3655 1092 3721 scire
1116 3653 1218 3740 nego-
1287 3656 1409 3721 „beant
1422 3653 1571 3740 allegare
1592 3668 1626 3724 et
1639 3657 1716 3743 qais
1729 3656 1906 3740 incipere.”
1934 3653 1983 3722 cf.
1999 3665 2065 3720 not.
2083 3657 2109 3720 l.

393 3752 510 3833 nuum,
526 3755 611 3817 sicut
625 3767 791 3837 actorem,
810 3767 844 3822 et
858 3756 909 3821 sie
924 3777 989 3822 non
1005 3765 1098 3822 asset
1111 3757 1218 3842 magis
1286 3755 1377 3822 adh.
1392 3767 1475 3842 part.
1491 3756 1522 3845 ᾖ.
1537 3757 1567 3823 5.

348 3881 379 3932 10
395 3855 618 3920 „eredendum
631 3858 705 3935 uni,
728 3877 827 3943 qnam
840 3857 951 3938 alteri,
976 3867 1009 3922 et
1022 3859 1097 3924 ideo
1111 3859 1219 3924 nentri
1328 3856 1366 3940 2)
1405 3865 1501 3942 facto.
1516 3858 1555 3924 B.
1569 3859 1608 3923 P.
1617 3895 1657 3908 -·
1671 3856 1723 3925 Al.
1738 3857 1852 3925 „iata”
1868 3856 1908 3922 G.
1923 3895 1966 3906 -
1980 3853 2031 3924 Cl'.
2040 3877 2109 3922 var.

395 3967 468 4020 sest
482 3969 725 4024 sacramentum
746 3957 982 4037 deferendum
1012 3970 1123 4025 actore
1138 3977 1219 4044 ergo
1287 3957 1354 4024 lect
1375 3959 1439 4042 ips.
1455 3959 1477 4024 l.
1492 3959 1694 4028 advocati&
1710 3957 1792 4026 God.
1808 3961 1850 4026 de
1863 3959 1978 4026 advoc.
1988 3959 2109 4026 divers.

396 4075 482 4122 enon
502 4061 663 4141 probante
685 4079 766 4126 reus
789 4062 954 4127 obtinebit.
999 4061 1068 4127 Sed
1083 4062 1170 4127 addo
1185 4063 1219 4126 in
1286 4059 1435 4126 iudicior.
1450 4061 1482 4139 2,
1498 4062 1528 4140 7,,

394 4155 477 4224 abac
497 4179 595 4240 casu,
625 4162 717 4246 quia,
747 4163 777 4227 si
806 4182 936 4228 somma
959 4162 1013 4229 vel
1034 4183 1090 4229 res
1118 4163 1220 4247 petita
1372 4163 1412 4227 Η.
1428 4161 1451 4226 l.
1464 4172 1539 4231 test.
1554 4167 1591 4226 Ia
1617 4163 1719 4228 Andr.
1734 4167 1779 4227 nd
1790 4166 1833 4227 D.
1848 4185 1895 4245 ep.
1916 4160 1970 4227 lib.
1985 4161 2016 4227 2.
2031 4183 2064 4246 p.
2078 4164 2109 4226 2.

395 4257 513 4326 „fuerit
540 4263 689 4344 modica,
726 4263 929 4330 confidenter
965 4265 1085 4349 poterit
1119 4264 1220 4330 iudex
1286 4263 1333 4328 tit.
1349 4265 1391 4329 de
1407 4264 1648 4348 disputationib.
1661 4269 1722 4332 'eto
1745 4262 1821 4351 §.tt
1842 4284 1894 4348 pr.
1915 4265 1948 4328 in
1962 4285 1994 4330 v.
2008 4265 2109 4330 advo·

346 4387 378 4438 15
396 4363 661 4429 decoramentum
690 4360 821 4430 deferre
851 4365 966 4432 actori.
987 4378 1023 4433 ut
1051 4365 1218 4453 arg.1)ig.
1287 4365 1361 4431 cuti.

396 4463 459 4527 nde
487 4463 620 4550 legitim.
650 4465 778 4531 tutorib.
792 4463 853 4546 26,
875 4466 907 4531 4.
934 4465 957 4532 l.
984 4466 1157 4554 legitimos.
1184 4468 1215 4534 5.
1326 4465 1366 4551 3)
1404 4474 1513 4550 muno.
1531 4465 1567 4532 Ρ.
1596 4501 1639 4514 -
1667 4463 1721 4530 At.
1736 4467 1938 4553 „inprimis”
1952 4465 1991 4530 B.
2007 4464 2045 4535 G.
2069 4501 2110 4514 -

396 4560 461 4648 n(§.
472 4564 535 4642 l.)”
1286 4567 1416 4636 Glnot.
1433 4571 1461 4634 l.
1477 4569 1520 4636 ad
1533 4567 1566 4636 b.
1582 4566 1613 4653 §-
2083 4635 2089 4648 ,

478 4665 589 4746 Ipsam
603 4669 733 4736 Pillium
749 4667 892 4754 aliquam
906 4689 1037 4749 eorum,
1059 4689 1145 4756 quae
1161 4689 1216 4735 su·
1326 4671 1364 4754 4)
1407 4681 1515 4736 canuc
1540 4691 1627 4733 reum
1650 4689 1710 4750 pro
1730 4691 1774 4735 eo.
1803 4669 1856 4736 Ex
1874 4671 1956 4735 coni.
1973 4706 2029 4732 ,-
2058 4669 2109 4734 ΑΙ.

394 4784 456 4848 pra
477 4765 565 4832 dicta
584 4782 678 4852 sunt,
707 4770 904 4855 particulam
926 4773 1110 4856 incongruo
1128 4770 1217 4852 loco,
1286 4784 1421 4838 acorrtra
1436 4790 1589 4855 cumpro
1605 4771 1675 4838 eo.”
1689 4771 1726 4837 P.
1740 4807 1782 4820 -
1805 4789 1920 4837 „reum
1935 4791 2033 4858 quam
2048 4789 2109 4851 pro

345 4887 379 4940 ao
394 4887 438 4932 ae
453 4868 560 4933 dicam
575 4889 717 4954 augere,
739 4873 802 4939 sed
815 4875 937 4939 iterare
957 4873 1069 4957 potius
1081 4883 1114 4938 ct
1128 4873 1218 4957 paul·
1289 4875 1397 4939 „reo”
1409 4872 1450 4939 Β.
1462 4911 1504 4922 -
1520 4883 1655 4942 noontm
1672 4873 1776 4939 oum.”
1792 4870 1833 4937 G.

394 4967 498 5035 lulum
526 4973 698 5036 immutare
725 4973 875 5041 voluisse
904 4995 1004 5040 nemo
1031 4975 1217 5041 crediderit.
1327 4973 1365 5059 5)
1405 4983 1596 5060 postsertcr.
1613 4977 1652 5041 P.
1669 5011 1708 5022 -
1722 4971 1776 5037 ΑΙ.
1792 4972 2056 5058 „messenatae”
2069 4973 2109 5038 G.

395 5069 483 5145 Quid
504 5091 586 5136 vero
610 5073 652 5137 de
675 5087 791 5157 quarta
818 5074 982 5161 particula
1010 5077 1217 5144 sentiendum
1285 5109 1325 5126 -·
1343 5075 1558 5160 „profertum”
1571 5077 1608 5142 B.
2041 5101 2047 5108 ·

394 5171 457 5249 sit,
468 5173 609 5240 diximus
623 5174 655 5238 in
670 5185 736 5239 not.
753 5177 781 5240 1.
797 5179 840 5242 ad
855 5177 884 5242 b.
903 5187 985 5261 part.
1002 5175 1076 5264 §.b
1326 5178 1366 5252 6)
1409 5178 1475 5244 Ista
1488 5179 1521 5243 in
1536 5177 1559 5242 f.
1574 5179 1617 5242 tit.
1634 5179 1676 5242 de
1693 5175 1913 5263 allegationib.
1927 5174 2013 5240 dicta
2031 5193 2110 5241 csse

438 5273 473 5357 l)
516 5276 544 5340 B
568 5277 668 5342 inser.
684 5274 756 5342 „De
772 5276 968 5364 allegatione
987 5281 1160 5364 partium.'’
1175 5317 1216 5326 -
1284 5288 1421 5347 testatur
1435 5284 1479 5344 Io.
1497 5281 1597 5344 Andr.
1614 5283 1657 5342 od
1669 5283 1711 5342 D.
1727 5301 1772 5359 op.
1788 5277 1843 5342 lib.
1858 5277 1888 5343 2.
1911 5297 1943 5362 p.
1956 5277 1986 5342 2.
2004 5277 2049 5342 tit.
2066 5280 2109 5354 de
