4782 5960
800 553 861 621 Tit.
875 554 907 619 9.
936 552 989 620 Dc
1004 554 1264 641 exceptionibus.
1295 552 1326 642 §.
1342 556 1371 622 l.
1386 553 1415 620 2.
1430 554 1463 622 3.
1929 561 1991 632 351

271 746 484 847 quandoque
512 771 557 818 ex
582 745 663 842 ipso
691 744 805 836 iacto,
847 755 934 842 puta
964 743 993 816 si
1026 745 1176 842 promisi
1206 743 1291 816 dare
1316 746 1353 816 in
1379 745 1543 819 Calendis
1567 748 1717 820 Ianuarii
1750 760 1786 824 et
1810 752 1926 846 agitur
1942 757 1989 849 12)

270 862 390 940 antea,
431 850 487 922 vel
515 850 545 919 si
570 847 655 920 iecit
686 856 786 919 ector
815 858 956 944 pactum
989 845 1034 918 de
1069 871 1143 918 non
1168 846 1334 943 petendo.
1361 885 1411 902 —-
1462 849 1598 922 Deinde
1624 851 1852 925 consideratis
1887 879 1988 928 exec-

269 951 450 1050 ptionilaus
476 949 544 1021 sibi
574 947 857 1046 competentibus
882 947 1060 1041 attendat,
1105 974 1196 1046 quae
1227 949 1275 1019 sit
1305 948 1484 1044 dilatoria,
1521 964 1562 1024 ut
1580 954 1625 1042 18)
1650 953 1680 1022 si
1705 954 1796 1049 petis
1824 980 1844 1026 a
1869 981 1925 1028 me
1953 967 1989 1029 et

269 1056 426 1150 excipio,
455 1051 553 1152 quod
573 1051 765 1148 promisisti
793 1061 829 1122 te
856 1075 926 1122 non
952 1052 1143 1146 petiturum
1168 1049 1351 1146 usquead
1377 1051 1469 1125 duos
1496 1079 1651 1144 menses,
1679 1066 1715 1126 et
1732 1079 1823 1153 quae
1844 1059 1890 1128 sit
1907 1083 1987 1156 per·

268 1158 414 1228 emtoria
440 1167 477 1228 et
501 1179 592 1254 quae
621 1151 817 1246 anormala,
858 1155 941 1226 item
976 1177 1068 1252 quae
1100 1153 1148 1224 sit
1179 1152 1342 1244 dilatoria
1368 1153 1438 1226 lori
1472 1167 1508 1230 et
1531 1156 1667 1248 iudicii,
1707 1167 1743 1230 et
1772 1183 1864 1257 quae
1889 1159 2021 1233 solu-o

268 1259 386 1331 tionis.

368 1357 403 1458 §-
454 1360 519 1430 llis
545 1355 701 1429 breviter
726 1354 944 1453 praelibatis,
972 1355 1124 1454 qualiter
1146 1366 1230 1426 sunt
1255 1358 1510 1455 proponendae
1535 1359 1759 1458 exceptiones
1783 1362 1821 1432 iu
1845 1361 2071 1464 iudicio,§.2.

267 1461 422 1536 breviter
447 1459 683 1532 ostendamus.

370 1561 472 1634 Unde
498 1561 694 1654 distingue,
729 1571 792 1633 aut
818 1562 978 1658 exceptio
1006 1569 1209 1656 competens
1235 1569 1291 1630 est
1313 1560 1488 1653 dilatoria,
1516 1573 1578 1633 act
1603 1566 1829 1660 peremtoria.
1855 1606 1907 1620 -
1947 1566 1986 1637 Si

267 1665 448 1756 dilatoria,
480 1665 571 1736 scire
597 1660 727 1754 debes,
757 1663 854 1761 quod
881 1687 1001 1734 omnes
1029 1662 1210 1734 dilatoriae
1245 1665 1396 1758 proponi
1426 1663 1558 1736 debent
1583 1678 1664 1738 ente
1685 1665 1782 1738 litem
1808 1679 1984 1740 contesta-
2004 1684 2037 1736 to

267 1778 350 1839 tam.
392 1768 438 1837 Χ.
468 1770 509 1838 G.
537 1765 581 1838 de
608 1765 668 1837 oli.
696 1764 810 1859 deleg.
827 1762 863 1857 1,
879 1761 940 1835 29.
968 1790 998 1836 c.
1025 1765 1233 1836 insinuante.
1250 1759 1310 1836 25.
1331 1765 1378 1864 19)
1410 1777 1447 1837 et
1474 1767 1518 1838 de
1546 1792 1583 1838 re
1609 1768 1680 1840 iud.
1698 1764 1735 1860 2,
1752 1764 1813 1839 37.
1844 1795 1874 1842 e.
1897 1772 1987 1840 inter

265 1864 603 1940 monasteriumill.
621 1859 674 1964 ²⁰)
703 1907 752 1920 -
804 1866 894 1938 Sunt
925 1878 1043 1936 tamen
1069 1865 1159 1938 duae
1189 1865 1390 1960 dilatoriae,
1433 1892 1524 1965 quae
1549 1881 1702 1965 possunt
1726 1872 1879 1969 proponi
1906 1882 1986 1944 ante
2105 1888 2107 1894 ’

267 1973 473 2044 sententiam
500 1981 664 2066 etpost,
699 1970 722 2040 i.
749 1995 778 2041 e.
806 1969 884 2040 salsi
911 1969 1152 2064 procuratoris
1177 1979 1212 2040 et
1237 1967 1359 2040 iudicis
1389 1994 1460 2040 non
1486 1972 1549 2041 sui.
1594 1972 1640 2041 Χ.
1669 1974 1711 2043 G.
1738 1971 1783 2043 de
1810 1986 1985 2070 procurat.

267 2070 382 2166 1,58.
417 2098 447 2144 e.
480 2073 516 2142 in
544 2083 676 2143 nostra.
692 2067 730 2142 1.
747 2068 795 2169 2¹)
825 2082 859 2142 et
886 2070 931 2141 de
957 2069 1030 2141 iud.
1048 2066 1134 2160 21.
1160 2095 1189 2142 c.
1217 2083 1253 2140 at
1277 2072 1307 2140 si
1333 2065 1578 2171 clerici.'d.²²)
1613 2084 1649 2143 et
1674 2073 1762 2144 Cod.
1796 2076 1826 2145 si
1860 2100 1880 2144 a
1913 2101 1986 2146 non

266 2187 416 2272 compet.
442 2170 733 2266 11114311.
757 2169 1012 2244 11311113.
1037 2168 1190 2268 q.t.²³)
1218 2197 1247 2242 c.
1275 2171 1446 2268 inprimis.
1460 2169 1493 2241 7.
1510 2166 1563 2274 (ss
1577 2169 1629 2270 9.)
1657 2213 1706 2228 -
1758 2177 1824 2246 Est
1854 2188 1890 2247 et
1915 2177 1983 2248 alia
2002 2201 2034 2252 aa

265 2278 427 2373 exceptio
454 2274 657 2368 anormala,
687 2301 736 2346 se.
762 2275 1146 2364 excommunicationis,
1174 2297 1262 2371 quae
1287 2275 1501 2370 proponitur
1525 2279 1560 2345 in
1586 2274 1746 2373 qualibet
1772 2289 1873 2374 parte
1898 2277 1983 2369 litis,

264 2381 312 2452 Χ.
340 2382 383 2452 G.
406 2404 437 2450 e.
452 2375 489 2470 3,
505 2375 565 2448 35.
593 2403 623 2448 c.
651 2377 902 2472 exceptionem.
920 2371 1055 2473 1222),
1084 2386 1120 2446 et
1145 2388 1229 2472 post
1254 2375 1473 2448 seutentiam.
1506 2376 1553 2447 Χ.
1580 2379 1623 2448 G.
1650 2377 1759 2450 dere
1785 2375 1982 2470 tuum

212 2537 217 2544 ,
264 2507 295 2556 c.
327 2481 371 2552 ad
405 2479 636 2577 probandum.
657 2476 718 2550 24.
733 2470 786 2580 ²⁵)
814 2519 864 2532 -
915 2476 1167 2576 Exceptionem
1205 2490 1319 2550 autem
1352 2480 1597 2575 peremtoriam
1630 2479 1759 2553 scilicit
1791 2481 1983 2578 protestari

263 2585 301 2656 in
327 2585 427 2654 initio
459 2583 533 2654 litis
569 2593 604 2653 et
635 2593 719 2678 post
750 2579 847 2652 litem
882 2591 1112 2652 contestatam
1128 2579 1196 2676 ²⁶),
1237 2579 1301 2652 sed
1333 2583 1485 2677 proponi
1517 2591 1552 2652 et
1585 2580 1731 2677 probari
1764 2580 1872 2655 debet
1902 2593 1982 2655 ante

264 2687 480 2758 seutentiam.
507 2681 600 2756 (1.5.
626 2709 661 2779 q.
675 2680 711 2754 6.
727 2683 775 2781 27)
803 2681 838 2779 S.
865 2683 1038 2779 exceptio.
1066 2681 1124 2770 (ad
1152 2678 1248 2771 ci.)
1275 2683 1321 2754 Χ.
1342 2683 1384 2753 G.
1404 2682 1448 2754 de
1475 2683 1511 2754 iu
1537 2685 1599 2756 int.
1624 2696 1710 2757 nest.
1729 2682 1836 2778 1,11.
1863 2709 1894 2756 c.
1921 2708 1979 2754 au·
1998 2709 2032 2764 ρο
2102 2711 2108 2720 ·

263 2787 356 2858 ditis.
372 2785 409 2858 5.
425 2787 473 2874 28)
501 2799 536 2857 et
561 2785 608 2856 X.
639 2787 680 2856 G.
707 2784 752 2856 de
780 2781 856 2854 ord.
885 2785 1015 2875 cognit.
1031 2781 1068 2874 2,
1085 2781 1148 2856 10.
1175 2811 1204 2854 c.
1220 2780 1253 2853 1.
1271 2783 1319 2881 22)
1688 2787 1691 2794 ’

353 2887 399 2984 §-
450 2887 521 2958 Sed
548 2888 628 2984 quia
655 2886 747 2959 inter
772 2885 954 2957 dilatorias
981 2885 1102 2957 iudicis
1127 2889 1301 2958 recusatio
1320 2879 1372 2988 ³⁰)
1401 2897 1456 2957 est
1481 2889 1685 2984 potissima,
1726 2887 1806 2959 ideo
1833 2885 1878 2960 de
1905 2884 2063 2989 ipsa§.5.

261 2987 428 3060 dieamus.

364 3089 463 3162 Scire
488 3100 606 3160 tamen
631 3086 759 3182 debes,
806 3087 961 3186 quadiu
986 3089 1063 3160 istis
1088 3087 1326 3186 proponendis
1353 3089 1480 3161 diversi
1508 3091 1648 3164 diversa
1672 3089 1856 3184 dixerunt,
1898 3089 1980 3187 quia

262 3191 401 3290 quidam
427 3202 633 3288 proponunt
658 3215 717 3262 eas
744 3217 864 3264 omnes
887 3189 1012 3283 simul,
1047 3190 1082 3261 id
1119 3202 1175 3264 est
1197 3217 1286 3288 quae
1312 3189 1379 3262 sibi
1406 3205 1610 3288 competunt
1635 3206 1706 3265 tam
1731 3204 1853 3265 eontra
1881 3194 1978 3290 prin·
1997 3217 2030 3268 aa

262 3293 410 3390 cipalem
439 3307 638 3390 personam,
665 3319 770 3389 quam
794 3305 917 3365 eontra
945 3317 1133 3389 personam
1159 3293 1300 3386 iudicis,
1327 3291 1393 3364 sub
1419 3292 1485 3366 hac
1510 3295 1624 3367 l'orma
1642 3297 1709 3387 ³¹):
1736 3296 1894 3389 „Coram
1917 3321 1978 3366 vo-

261 3395 367 3490 „bis,
397 3395 539 3466 domine
558 3397 626 3487 Α.,
655 3395 823 3467 canonico
846 3397 1017 3487 atratino,
1052 3397 1113 3492 qui
1140 3394 1253 3466 dicitis
1279 3420 1343 3467 ros
1369 3395 1516 3468 iudicem
1543 3399 1578 3468 in
1606 3423 1733 3488 eausa,
1760 3421 1850 3495 quae
1875 3397 1979 3468 verti·
2040 3387 2051 3468 ‘2

260 3503 366 3592 „tur”
391 3497 463 3592 (vel
489 3497 609 3590 „verti
633 3488 833 3598 speratur‘')
861 3499 980 3590 „inter
1006 3522 1061 3568 me
1077 3496 1125 3593 22)
1152 3509 1321 3592 exparte
1349 3521 1418 3569 una
1446 3509 1482 3569 et
1501 3499 1551 3570 tt.
1578 3527 1624 3572 ex
1653 3499 1784 3591 altera,
1812 3524 1978 3596 propono
2048 3492 2053 3535 ¹*

260 3627 354 3695 „epo
380 3601 422 3670 P.
449 3611 484 3672 ct
509 3597 609 3691 dieo,
645 3597 742 3697 quod
768 3599 873 3672 iudex
896 3623 974 3671 esse
1001 3625 1072 3670 non
1099 3599 1263 3696 potestis,
1290 3624 1369 3670 cum
1396 3626 1464 3696 pro
1491 3599 1692 3674 adversario
1718 3602 1753 3671 in
1779 3600 1844 3673 bac
1870 3625 1978 3697 quae·
2054 3594 2064 3689 l

261 3706 401 3794 „stione
428 3702 564 3773 fueritis
600 3697 810 3795 advocatam
850 3701 943 3772 uude
975 3725 1102 3774 recusa
1135 3726 1200 3772 vos
1229 3712 1407 3800 tamquam
1433 3713 1645 3799 suspectum.
1697 3706 1783 3775 ltem
1813 3701 1891 3774 dico
1912 3701 2026 3797 3³),au
2062 3693 2072 3823 )

260 3804 407 3894 „literas
433 3801 645 3899 apostolieae
672 3802 715 3873 ad
741 3828 806 3875 vos
832 3801 982 3875 directas
1012 3828 1084 3873 non
1111 3803 1248 3896 valere,
1276 3829 1342 3899 pro
1369 3829 1433 3895 eo,
1461 3805 1556 3902 quod
1584 3818 1668 3876 sunt
1692 3805 1898 3900 impetratae
1923 3816 1975 3873 ta·
2069 3826 2077 3907 ι,

259 3906 355 3998 „cita
381 3908 527 3976 veritate
554 3914 589 3976 et
614 3917 779 3998 suggesta
809 3904 979 4000 salsitate,
1007 3906 1115 3976 tacuit
1140 3905 1229 3976 enim
1257 3930 1295 3976 se
1321 3905 1432 3976 lilium
1461 3906 1675 3996 sacerdotis,
1710 3929 1781 4002 quo
1808 3929 1976 4000 expresso
2075 3918 2083 3983 t

258 4007 485 4100 „nullatenus
508 4003 706 4101 babuisset3
732 4009 815 4079 item
843 4009 1021 4102 suggessit
1048 4006 1279 4101 mendacium,
1309 4033 1390 4079 eum
1416 4005 1504 4079 dixit
1530 4033 1569 4079 se
1594 4007 1629 4078 in
1655 4008 1764 4078 sacris
1790 4004 1975 4079 ordinibus
2079 3996 2083 4084 l

302 4257 358 4340 17)
402 4263 512 4336 opilata.
525 4291 566 4302 -
580 4255 619 4320 B.
637 4262 729 4339 (post
742 4253 920 4341 lacunam.)
937 4258 1010 4345 »δέ’
1193 4259 1251 4342 25)
1295 4257 1404 4322 innoc.
1420 4253 1451 4322 3.
1481 4254 1533 4322 Gi.
1551 4259 1654 4324 Gloas.
1679 4261 1712 4326 in
1731 4279 1764 4325 v.
1787 4261 1903 4326 iterum
1919 4279 1974 4326 cu·

301 4357 358 4439 18)
401 4365 445 4422 at.
461 4356 524 4422 Ab.
539 4357 609 4424 aB.
1151 4359 1333 4446 gnoscatis.
1347 4354 1417 4422 ini.

301 4459 355 4538 19)
400 4479 461 4543 arg
491 4457 697 4526 econtrario
719 4477 834 4527 sensu.
856 4458 1082 4544 (efficacia
1193 4461 1251 4544 26)
1296 4465 1507 4524 contestatam.
1522 4495 1564 4506 -
1579 4459 1617 4524 B.
1634 4463 1726 4528 „ab”

255 4583 287 4627 v.
303 4561 540 4644 postmodum.)
556 4559 667 4628 lance.
681 4567 713 4630 3.
1190 4561 1250 4645 27)
1291 4583 1320 4644 p.
1337 4563 1371 4626 6.
1388 4558 1482 4626 -Β,
1499 4583 1552 4648 aq.
1568 4563 1657 4628 Vll.”

297 4661 355 4736 10)
398 4661 510 4728 lnnoc.
525 4661 556 4727 3.
1189 4661 1248 4746 18)
1291 4661 1402 4727 Ιιιιιοο.
1419 4667 1451 4729 3.
1988 4683 2004 4732 5

296 4763 358 4838 am
401 4761 562 4828 innecii.
1189 4761 1247 4843 39)
1293 4759 1396 4826 Clem.
1411 4760 1443 4828 3.
1926 4771 1929 4778 ’

295 4863 354 4942 33)
398 4860 606 4930 Alexand&
842 4912 845 4921 .
1190 4861 1250 4940 30)
1293 4871 1455 4928 recusatio.
1473 4900 1512 4910 -
1529 4863 1568 4927 B.
1584 4867 1803 4932 „revocatim”

293 4965 352 5048 23)
395 4962 1076 5051 11113411.Ταηοι.ρις.111.ιειε,
1189 4961 1247 5046 31)
1290 4963 1329 5028 B.
1345 4964 1444 5030 inser.
1469 4965 1608 5032 „Forma
1627 4967 1791 5052 probandi
1806 4969 1970 5054 exceptio·

254 5065 304 5134 16.
321 5068 386 5146 17.)
402 5075 434 5130 et
447 5065 480 5130 0.
494 5069 527 5130 2.
541 5087 569 5148 p.
585 5071 614 5130 1.
631 5101 674 5114 -
688 5067 727 5132 B.
744 5065 785 5134 sl.
802 5067 825 5132 l.
840 5077 874 5134 et
886 5067 924 5132 ll.
940 5089 971 5152 q.
987 5067 1030 5132 l.’'
1146 5083 1227 5128 unes
1243 5063 1452 5132 delatories.’'

290 5168 351 5244 14)
397 5165 537 5252 Gregor.
553 5165 583 5232 9.
600 5164 651 5233 Gi.
670 5168 775 5234 Giano.
793 5171 829 5235 in
843 5189 874 5235 v.
887 5171 942 5254 qui
959 5169 989 5234 si
1004 5187 1077 5234 aem
1188 5163 1246 5248 32)
1289 5173 1441 5232 interme.
1458 5167 1497 5235 B.
1514 5189 1579 5234 om.
1988 5183 2019 5233 ιο

251 5269 407 5334 omiserit.
1187 5263 1245 5350 33)
1288 5272 1363 5332 dico.
1380 5268 1463 5333 -B
1490 5271 1633 5338 „dicas”
1662 5323 1664 5330 ,
