4786 5962
369 535 423 578 ΧΠ

472 705 546 776 lam
573 723 657 772 vero
691 696 744 770 lris
772 694 934 770 omnibus
964 696 1146 794 perpensis
1181 693 1334 766 fortasse
1367 696 1604 792 quaesiveris,
1648 698 1711 794 qui
1735 697 1811 770 lieri
1839 699 2012 798 potuerit,
2055 711 2094 772 ut

374 825 504 923 spuriis
539 822 616 892 istis
654 813 986 892 loannis-Taneredi
1021 839 1149 886 nomen
1186 839 1256 886 nou
1288 811 1403 884 solum
1438 813 1711 910 inscriberetur,
1750 815 1812 890 sed
1845 831 1880 889 et
1902 845 1970 916 per
1992 817 2095 916 plura

374 942 514 1020 saecula
542 942 711 1012 intactum
739 947 949 1008 servaretur.
1008 937 1058 1006 At
1090 931 1133 1004 ne
1166 933 1409 1004 tenuissimum
1438 931 1577 1032 quidem
1604 934 1809 1034 scrupalum
1837 935 1918 1010 bine
1943 937 2095 1010 residere

375 1076 476 1164 puto.
526 1059 601 1158 lpsi
627 1058 718 1130 enim
745 1055 998 1128 reformatores
1035 1055 1071 1124 in
1105 1077 1147 1124 eo
1181 1052 1403 1150 potissimum
1439 1051 1673 1148 desudantes,
1717 1067 1755 1126 ut
1781 1069 1965 1150 augmenta
1991 1057 2096 1128 adde·

376 1194 476 1274 rent,
520 1179 588 1252 boo
620 1179 768 1248 maxime
801 1175 914 1268 egisse
952 1171 1132 1264 videntur,
1179 1183 1219 1242 ut
1251 1169 1435 1269 praeclaro
1472 1173 1624 1244 auctoris
1659 1174 1798 1246 nomine
1830 1188 1971 1246 servato
2005 1173 2097 1247 liber

378 1303 480 1403 quasi
501 1298 627 1396 glossis
652 1297 845 1366 instructus
875 1292 909 1363 iu
936 1289 1064 1384 vulgus
1092 1289 1264 1362 ederetur.
1342 1289 1432 1362 Post
1457 1315 1542 1362 vero
1569 1291 1782 1390 exemplaria
1810 1293 1857 1364 ita
1887 1292 2097 1366 transcribe·

377 1423 523 1513 buntur,
564 1429 603 1490 ut
636 1410 874 1484 additionibus
910 1422 1017 1508 atque
1050 1407 1302 1480 mutationibus
1337 1435 1415 1482 cum
1452 1409 1640 1507 antiquiori
1671 1423 1840 1484 contextu
1876 1415 1949 1484 sine
1977 1412 2098 1484 discri-

378 1544 470 1618 mine
491 1533 704 1624 coniunctis,
750 1531 901 1628 ideoque
928 1527 1100 1601 Taucredi
1126 1529 1267 1599 nomine
1293 1529 1359 1600 istu
1389 1529 1504 1599 omnia
1532 1528 1810 1625 complectente,
1854 1543 1998 1603 externa
2025 1530 2096 1602 sal·

378 1677 449 1738 tem
476 1645 589 1732 forma
617 1653 789 1724 neminem
815 1651 849 1722 iu
873 1645 1125 1720 dubitationem
1153 1644 1328 1718 adducere
1353 1659 1484 1744 posset.
1518 1645 1578 1720 Sic
1602 1646 1694 1722 liber
1718 1651 1846 1744 insigni
1873 1651 2100 1746 inscriptione

379 1790 527 1857 ornatus
554 1785 589 1844 et
615 1767 876 1842 commendatus
903 1763 1170 1862 divulgabatur,
1208 1777 1244 1838 et
1270 1763 1318 1836 ibi
1346 1767 1493 1838 maxime
1520 1765 1699 1862 locorum,
1739 1767 1801 1840 ubi
1827 1769 1996 1862 genuinae
2022 1769 2097 1842 l'or·

380 1925 456 1976 mae
484 1890 695 1988 exemplaria
722 1886 814 1959 baud
848 1897 991 1984 praesto
1019 1897 1156 1976 essent,
1195 1909 1317 1956 omnes
1347 1881 1450 1956 buius
1479 1886 1642 1982 opusculi
1670 1901 1789 1986 partes
1819 1915 1885 1986 pro
1911 1888 2100 1960 'l'ancrcdi-

380 2021 433 2092 nis
460 2011 599 2084 babitus
629 2033 707 2080 esse
737 2008 794 2077 vix
823 2003 1013 2076 miraberis.
1078 2005 1120 2076 ln
1147 2002 1221 2073 aliis
1249 2028 1332 2076 vero
1359 2002 1587 2098 regionibns,
1625 2018 1766 2103 praeter
1792 2008 1980 2101 genuinum
2004 2009 2100 2080 Tan·

382 2135 479 2212 credi
507 2129 637 2203 librum
670 2152 710 2197 ac
739 2123 1005 2196 bartholomaei
1032 2122 1226 2194 liriniensis
1260 2121 1564 2216 reformationem,
1607 2125 1834 2198 iureconsulti
1867 2137 2000 2197 ceteras
2027 2127 2101 2197 l'or·

382 2279 456 2330 mas
483 2246 722 2351 perlongum
749 2257 889 2342 tempus
917 2267 1065 2342 prorsus
1093 2243 1275 2336 ignorasse
1303 2239 1542 2340 videnturtt).
1606 2245 1786 2314 Facillime
1813 2245 1917 2338 igitur
1945 2245 2102 2318 accidere

383 2373 523 2476 potuit,
554 2380 593 2438 ut
619 2391 658 2438 ca
686 2365 834 2434 maxime
861 2374 994 2456 aetate,
1037 2385 1107 2458 qua
1137 2359 1289 2453 melius,
1316 2385 1421 2460 quam
1448 2361 1572 2432 seriori
1598 2387 1706 2456 aevo,
1746 2374 1856 2434 totam
1882 2390 1956 2436 rem
1983 2363 2103 2463 expla-

384 2519 468 2566 nare
494 2487 715 2588 potuissent,
753 2480 878 2554 nullibi
904 2481 948 2554 de
976 2505 1016 2552 ea
1043 2490 1284 2578 quaereretur.
1334 2478 1420 2552 lude
1454 2491 1618 2552 autema
1645 2481 1788 2554 saeculo
1816 2495 1943 2580 quarto
1968 2482 2104 2556 decimo

385 2626 420 2686 et
444 2605 665 2697 testimonia,
708 2627 801 2700 qaae
825 2599 999 2673 lohannes
1025 2597 1189 2670 Andreae
1221 2599 1394 2691 servavit,
1435 2597 1522 2670 adeo
1550 2598 1732 2694 neglecta,
1774 2614 1809 2673 et
1834 2601 2003 2672 librorum
2028 2626 2104 2674 sne·

387 2730 468 2804 culo
496 2721 759 2798 sextodecimo
787 2719 964 2791 editorum
993 2729 1098 2814 atque
1125 2715 1283 2788 codicum
1308 2717 1629 2815 manuscriptorum
1659 2732 1855 2790 accuratam
1884 2718 2103 2791 collationem

385 2849 473 2924 adeo
500 2839 737 2945 posthabitam
761 2864 839 2912 csse
866 2849 1024 2928 constat,
1053 2835 1169 2906 atrei
1195 2836 1324 2906 veritas
1353 2835 1460 2906 densa
1487 2837 1634 2930 caligine
1662 2837 1900 2932 obtegeretur.

488 2968 587 3056 Quae
621 2988 697 3033 cum
734 2959 781 3029 ita
816 2959 904 3052 sint,
951 2954 1113 3056 equidem
1149 2956 1327 3046 rationes,
1369 2980 1459 3051 quas
1502 2957 1535 3026 in
1573 2967 1740 3029 contextu
1777 2955 1860 3029 libri
1894 2956 2105 3028 Tancredini

388 3081 524 3162 edendo
549 3091 585 3152 et
610 3080 646 3150 in
671 3078 835 3175 reliquis,
864 3101 955 3176 quae
981 3102 1025 3148 ex
1052 3071 1232 3146 codicibus
1260 3073 1506 3171 manuscriptis
1522 3071 1669 3146 'desumi
1695 3088 1858 3174 poteraut
1873 3078 1939 3170 58),
1977 3074 2106 3171 eligen-

367 3208 441 3282 'dis
469 3213 612 3276 secutus
639 3224 737 3288 sum,
766 3194 864 3267 brevi
890 3191 1125 3292 expediendas
1152 3219 1229 3266 esse
1255 3203 1354 3291 puto.
1382 3231 1432 3248 -
1483 3191 1638 3266 Primum
1664 3196 1774 3289 euim,
1802 3223 1879 3268 cum
1904 3193 1994 3268 liber
2020 3196 2107 3269 anti·
2164 3195 2173 3212 '

389 3324 578 3427 quissimae
605 3343 690 3391 suae
715 3317 851 3387 formae
880 3311 1118 3386 restituendus
1149 3325 1260 3405 esset,
1304 3323 1384 3383 octo
1419 3309 1592 3382 librorum
1628 3317 1947 3410 manuscriptorum
1972 3310 2107 3418 ope59)

388 3439 638 3545 perficiendum
665 3447 765 3527 erat,
806 3445 845 3505 ut
872 3435 938 3505 ista
967 3429 1247 3502 emendatissima
1272 3431 1307 3500 iu
1334 3430 1446 3501 lucem
1475 3429 1645 3526 prodiret.
1705 3434 1819 3521 Quem
1843 3435 1879 3504 in
1904 3433 2007 3506 linem
2034 3435 2110 3506 istis

390 3558 572 3638 codicibus
599 3558 647 3627 ita
675 3579 759 3625 usus
785 3578 883 3645 sum,
922 3562 963 3621 ut
991 3548 1155 3622 meliores
1189 3549 1358 3620 lectiones
1386 3548 1543 3648 undique
1571 3551 1835 3648 conquirerem,
1863 3550 1969 3636 simul
1993 3565 2109 3624 tamen

389 3681 552 3756 lectionis
580 3675 801 3764 varietatem,
842 3673 871 3741 si
898 3694 969 3770 qun
995 3694 1160 3766 umquam
1188 3681 1382 3741 memoratu
1416 3667 1519 3761 digua
1551 3681 1664 3762 esset,
1704 3669 1835 3744 notulis
1870 3669 2011 3742 adiectis
2038 3699 2110 3743 ser·

390 3825 531 3892 vurem;
572 3820 731 3888 magnam
766 3817 850 3863 vero
888 3791 1024 3886 copiam
1057 3787 1228 3894 leviorum!
1252 3789 1433 3880 vitiorum,
1476 3789 1511 3858 iu
1542 3815 1612 3860 uuo
1648 3801 1783 3862 tantum
1809 3787 1964 3861 alterove
1993 3789 2111 3864 codiee

390 3915 709 4018 deprehensorum,
738 3912 954 4002 omitterem,
991 3907 1177 4006 perpaucis
1204 3905 1355 4003 denique
1381 3905 1491 4002 locis,
1519 3907 1595 3982 sola
1624 3909 1825 3981 coniectura
1857 3909 2038 4001 sanandis,
2064 3910 2111 3980 ita

391 4037 569 4127 mederer,
613 4045 653 4104 nt
679 4027 852 4102 librorum
888 4028 1207 4122 manuscriptorum
1242 4023 1454 4098 lectionibus
1489 4027 1525 4096 in
1560 4026 1788 4098 adnotatione
1815 4029 2110 4121 commemoratis,

393 4153 656 4230 emendationes
691 4153 726 4222 in
760 4159 966 4220 contextum
997 4145 1188 4243 reciperem
1206 4143 1269 4241 ⁶⁰).
1293 4183 1351 4200 ·-
1409 4145 1543 4218 lleinde
1575 4145 1860 4218 reformationem
1895 4147 2041 4241 primam
2076 4161 2113 4220 et

397 4315 849 4338 ’,ρ-,Μ

394 4438 633 4526 pag.187.not
658 4437 687 4501 7.
1133 4437 1140 4456 '
1290 4438 1477 4496 metuendis
1498 4436 1536 4494 de
1565 4435 1597 4495 ln
1623 4435 1694 4494 rr'lic
1711 4435 1749 4494 de
1773 4433 1927 4496 aaaron.
1957 4437 2113 4500 canem.

437 4543 495 4622 57)
541 4539 592 4606 Cf.
610 4561 683 4624 sup.
700 4557 777 4622 pag.
793 4533 861 4600 ΧΠ.
1293 4531 1386 4599 1840.
1402 4554 1479 4618 pag.
1493 4532 1546 4599 57.
1562 4553 1648 4596 num.
1665 4531 1736 4602 245.
1755 4533 1837 4616 (2),
1865 4553 1943 4619 pag.
1957 4533 2009 4600 59.
2024 4555 2111 4600 nuru.

437 4643 496 4727 58)
540 4639 726 4706 Nonnullos
759 4639 875 4716 codd,
912 4656 996 4723 quos
1029 4633 1073 4700 ill.
1102 4658 1129 4698 n.
1155 4637 1223 4700 So·
1290 4634 1364 4702 257.
1381 4636 1463 4719 (a),
1491 4655 1569 4719 pag.
1584 4633 1637 4698 69.
1651 4653 1740 4698 num.
1754 4635 1827 4704 302.

394 4755 499 4827 algam,
543 4765 607 4808 uec
644 4763 712 4808 non
751 4739 797 4805 ill.
834 4743 957 4804 Harnet
993 4747 1026 4802 et
1065 4735 1121 4804 alii
1162 4736 1224 4801 viri
1333 4735 1391 4818 59)
1434 4735 1509 4800 Non
1532 4734 1639 4800 solum
1660 4756 1737 4819 eos,
1766 4736 1822 4821 qui
1842 4737 2021 4820 genuinum
2039 4736 2115 4800 libri

396 4847 483 4914 docti
510 4843 746 4921 laudaverunt,
776 4841 865 4907 haud
896 4841 1105 4917 enumeravi,
1143 4859 1224 4924 quo·
1292 4847 1497 4916 contextum,
1526 4834 1586 4920 (cl.
1603 4859 1676 4925 sup.
1690 4849 1756 4904 aot.
1772 4837 1821 4920 3.)
1835 4838 1898 4902 sed
1914 4849 1946 4902 et
1959 4837 2033 4916 hos,
2059 4837 2115 4920 qui

396 4950 485 5015 ninru
513 4947 697 5014 accuratior
723 4965 837 5008 eorurn
860 4942 974 5008 notitia
1003 4941 1045 5012 nd
1075 4961 1127 5004 ane
1156 4960 1225 5004 non
1292 4937 1538 5004 bartholomaei
1552 4937 1671 5004 librum
1686 4937 1856 5016 exhibent,
1886 4935 1943 5022 (cf.
1960 4957 2030 5018 sap.
2046 4949 2113 5000 not

397 5049 558 5138 pervenit.
602 5047 782 5112 Praeterea
811 5042 1003 5127 complures
1031 5041 1104 5106 libri
1128 5062 1225 5124 prae·
1292 5041 1362 5123 42.)
1386 5039 1451 5105 lruc
1471 5038 1668 5106 referendos
1690 5058 1768 5102 esse
1790 5035 1888 5104 facile
1910 5045 2009 5119 patet.
2037 5036 2113 5103 viu.

398 5153 511 5218 sertim
537 5153 569 5216 in
593 5147 732 5214 Gallicis
753 5145 959 5212 bibliothecis
986 5142 1158 5228 hucusque
1178 5143 1224 5208 la·
1295 5161 1366 5222 sup.
1383 5155 1460 5228 pag'.
1475 5141 1530 5208 Xl.
1547 5161 1635 5210 vers.
1650 5145 1681 5206 3.
1699 5149 1731 5202 et
1745 5159 1838 5224 seqq.

397 5254 502 5321 tuisse
539 5247 714 5317 videntur.'
746 5243 798 5312 Cf.
831 5269 861 5312 e.
889 5269 922 5333 g.
973 5249 1139 5324 varulanae
1172 5257 1226 5306 aes
1337 5242 1395 5330 uu)
1440 5243 1621 5310 Titulorum
1635 5240 1757 5306 seriem
1772 5251 1805 5303 et
1818 5237 2049 5324 inscriptiones
2063 5253 2117 5307 sat
