4824 5968
856 591 925 678 (De
940 595 1103 661 sententia
1117 593 1294 666 diffinitiva
1326 593 1355 681 5.
1373 591 1440 676 lG)
1971 599 2012 664 79

385 787 427 858 ln
455 809 592 858 summa
618 783 812 856 notmdurn
839 795 912 875 est,
936 783 1033 884 quod
1061 809 1105 858 ex
1136 784 1260 858 ordine
1280 783 1394 856 omnis
1422 785 1593 858 sententia
1618 783 1725 859 debet
1749 785 1835 859 i'erri
1860 789 1896 858 in
1924 793 2009 860 scri·

285 891 377 987 ptis3
405 887 560 985 alioquin
587 897 793 978 contenet,
821 899 861 959 ut
887 887 976 959 Cod.
1001 885 1046 958 dc
1071 898 1161 959 sent.
1188 913 1234 958 ex
1258 886 1365 982 peric.
1391 887 1490 959 rccit.
1505 883 1543 980 7,
1569 883 1632 958 dd.
1659 887 1683 958 l.
1712 888 1795 984 nlt.;
1822 889 1923 961 salvo
1951 915 2008 982 eo,

284 991 383 1091 qnod
398 989 529 1062 dicitur
538 988 582 1062 de
593 985 759 1060 brevibus
773 986 915 1082 litibus,
945 1000 986 1060 ut
1004 979 1040 1058 in
1054 987 1164 1061 Autb.
1183 988 1228 1060 de
1243 985 1397 1059 mandat.
1419 989 1531 1085 princ.
1546 986 1655 1086 (Nor.
1672 985 1731 1060 ll.
1748 1015 1778 1062 c.
1791 988 1847 1088 5.)
1860 1031 1909 1044 --
1928 991 2009 1063 bre·

283 1119 346 1165 ves
368 1092 449 1165 litcs
476 1090 635 1184 intelligo
662 1113 779 1187 usque
802 1089 846 1162 ad
871 1090 1126 1190 quinquaginta
1155 1089 1309 1182 solidos,
1351 1101 1393 1161 ut
1419 1091 1509 1163 Cod.
1543 1090 1589 1164 de
1614 1090 1749 1164 defens.
1776 1093 1867 1164 civit.
1883 1090 1920 1185 l,
1946 1091 2007 1165 55.

283 1194 308 1267 l.
326 1190 384 1288 l.;
409 1192 467 1265 vel
491 1217 607 1291 usqne
632 1191 678 1265 ad
703 1192 793 1264 duos
818 1216 967 1286 aureos,
996 1203 1036 1264 ut
1065 1215 1137 1285 arg.
1165 1193 1244 1286 llig.
1268 1187 1312 1263 de
1339 1189 1411 1264 dol.
1438 1189 1568 1288 ruald,
1594 1189 1631 1263 5.
1655 1193 1678 1264 l.
1711 1195 1741 1264 si
1767 1194 1896 1268 oleum.
1921 1197 1957 1266 in
1982 1197 2041 1268 lo

283 1293 399 1470 ἓξ.
420 1293 457 1368 5.
481 1320 562 1367 cunr
586 1318 661 1393 seq.
686 1293 709 1365 l.
731 1291 810 1393 16.)
821 1322 834 1390 i
873 1293 931 1367 vel
967 1319 1080 1394 usqne
1115 1292 1160 1365 ad
1193 1295 1367 1392 quinqua,
1409 1306 1448 1365 nt
1473 1293 1554 1388 llig.
1587 1295 1633 1367 de
1665 1293 1749 1367 bon.
1775 1295 1928 1368 damnat.
1942 1293 2007 1390 48,

338 1398 398 1470 .l.
417 1395 529 1468 divus.
544 1392 582 1468 6.
617 1437 669 1451 -
700 1396 802 1490 item,
845 1394 944 1495 quod
971 1395 1101 1469 dicitur
1128 1395 1165 1466 in
1192 1396 1386 1494 episcopo,
1429 1394 1571 1493 qnando
1603 1397 1787 1490 cognoscit
1819 1399 1910 1470 inter
1945 1399 2008 1471 lai·

285 1525 365 1572 cum
396 1512 550 1571 actorem
582 1507 618 1569 et
653 1495 820 1570 clericum
846 1523 965 1590 reum,
1007 1509 1048 1569 nt
1078 1497 1116 1569 in
1150 1495 1258 1569 Antb.
1294 1507 1335 1569 nt
1365 1497 1450 1572 cler.
1481 1520 1538 1596 ap.
1569 1523 1691 1596 propr.
1725 1501 1834 1598 episc.
1860 1500 1951 1572 Coll.
1967 1500 2005 1574 6.

285 1602 398 1692 (Νοι.
415 1596 478 1673 85.
505 1604 581 1697 pr.)
615 1641 668 1654 —
695 1601 801 1691 item,
844 1598 943 1698 qnod
978 1598 1109 1672 dieitur
1143 1599 1189 1671 dc
1216 1599 1315 1671 l‘urto
1344 1599 1490 1690 indicis,
1529 1601 1591 1699 qni
1628 1607 1710 1674 ante
1745 1603 2005 1701 quinquaginta

283 1701 357 1774 dies
383 1701 428 1774 de
454 1702 635 1800 provincia
664 1701 802 1796 fugiens
828 1711 951 1799 captus
974 1701 1165 1774 reducitur.
1191 1709 1231 1773 ut
1257 1701 1294 1772 in
1316 1701 1427 1773 Antb.
1455 1712 1496 1773 nt
1529 1702 1632 1775 indic.
1658 1705 1722 1774 sin.
1746 1729 1856 1802 quoq.
1883 1702 1919 1803 5.
1946 1730 2005 1777 ne·
2026 1741 2057 1791 10

283 1805 490 1878 cessitatem.
517 1804 624 1893 (Nou.
641 1798 677 1874 8.
703 1827 733 1876 e.
747 1799 802 1896 9.)
828 1843 879 1858 -
930 1805 972 1876 ln
997 1801 1052 1874 bis
1081 1801 1194 1875 tribus
1220 1801 1361 1875 oucibus
1388 1813 1511 1901 potest
1542 1804 1649 1878 iudex
1681 1805 1774 1877 ierre
1799 1809 2007 1878 seutentiam

283 1908 358 1978 sinc
382 1907 535 2003 scriptis.
587 1903 659 1976 Sed
685 1905 810 1996 credo,
846 1904 944 2004 qnod
970 1904 1075 1978 iudex
1101 1902 1229 1976 melius
1255 1914 1292 1976 ct
1318 1909 1456 1977 cautim
1482 1905 1622 2000 lecerit,
1650 1908 1681 1978 si
1706 1904 1903 2006 quamlibet
1927 1934 2008 1980 sen·

282 2010 427 2080 tentiam
452 2008 650 2106 inscriptis
672 2007 813 2101 tulerit,
851 2031 897 2079 ne
923 2007 1019 2082 iorte
1045 2007 1083 2078 in
1114 2029 1218 2080 unsa
1251 2007 1499 2104 appellationis
1525 2011 1643 2105 possit
1671 2009 1753 2082 inde
1779 2008 2006 2082 dubitationis

283 2110 446 2210 quaestio
474 2107 640 2182 suboriri.

383 2211 549 2309 Amplius
581 2209 759 2284 sciendum
793 2222 870 2302 est,
910 2207 1007 2309 quod
1039 2208 1144 2282 iudex
1177 2208 1285 2283 debet
1314 2235 1380 2308 per
1412 2235 1451 2284 se
1488 2209 1607 2306 legere
1638 2213 1847 2284 sententium
1881 2227 1917 2284 et
1951 2241 2006 2286 re·
2026 2241 2056 2293 15

283 2316 411 2406 citare,
436 2324 473 2386 et
499 2339 572 2386 non
593 2309 700 2385 debet
724 2311 794 2385 boc
818 2312 920 2384 alteri
945 2313 1182 2404 committere,
1208 2324 1250 2384 ut
1265 2312 1355 2384 Cod.
1379 2311 1425 2386 de
1448 2324 1537 2386 sent.
1566 2338 1610 2386 ex
1635 2315 1741 2412 peric.
1768 2311 1915 2405 recit.7‚
1943 2314 2007 2386 dd.

282 2413 380 2510 1.r.;
421 2414 577 2514 alioquin
613 2424 829 2508 contenet,
863 2424 904 2486 nt
929 2413 1017 2487 (lod.
1047 2439 1077 2485 e.
1105 2424 1131 2484 t.
1156 2413 1181 2485 l.
1197 2410 1252 2508 l.;
1290 2414 1358 2485 nisi
1388 2415 1434 2486 sit
1463 2414 1568 2486 index
1600 2414 1749 2488 illustris
1783 2440 2006 2514 quocumque

282 2517 408 2611 modo,
433 2528 474 2590 ut
500 2517 590 2590 cot.
615 2541 645 2588 e.
671 2513 763 2612 lb,
791 2517 848 2590 cui
874 2514 1102 2609 conceditur,
1127 2540 1194 2612 per
1218 2515 1349 2608 abnm,
1383 2528 1469 2614 puta
1495 2541 1559 2614 per
1585 2516 1799 2616 quemlibet,
1838 2520 1900 2617 qui
1927 2517 2005 2591 lite·

281 2645 338 2692 ras
365 2621 502 2704 noverit
527 2629 562 2691 ct
584 2619 701 2712 legere
726 2617 829 2712 sciat,
856 2643 955 2690 snam
982 2617 1188 2690 seutentiam
1214 2619 1362 2690 recitare
1370 2657 1389 2711 ,·
1411 2629 1450 2691 nt
1474 2619 1512 2688 in
1537 2619 1658 2692 endem
1686 2619 1765 2714 lege
1790 2617 1952 2690 babetur.

383 2724 431 2795 Et
456 2747 579 2795 curare
604 2718 711 2793 debet
738 2720 865 2814 iudex,
909 2730 949 2791 ut
982 2729 1113 2792 certam
1146 2719 1239 2792 l'erat
1268 2721 1496 2815 sententium
1537 2732 1572 2794 et
1603 2733 1735 2794 certam
1763 2717 1873 2794 debet
1895 2720 2001 2810 serre,
2021 2745 2055 2794 so

281 2838 322 2897 nt
347 2826 435 2897 lnst.
461 2821 506 2896 de
532 2834 599 2895 act.
626 2833 662 2895 et
686 2820 746 2895 ob.
762 2823 811 2914 ²¹)
837 2819 877 2915 d,
904 2817 941 2893 6.
966 2819 1001 2920 5.
1030 2845 1164 2893 curare.
1176 2817 1260 2914 52,
1304 2823 1465 2922 ιῙιιιιιιιὶι
1496 2821 1605 2894 inerit
1636 2825 1807 2896 incertum
1834 2823 2004 2920 potitnm3

282 2950 361 2997 narn
385 2927 558 2998 sententia
584 2925 655 2998 lata
680 2925 756 2997 sinc
776 2935 870 2996 certa
897 2923 1093 3022 quantitate
1117 2947 1189 2995 uon
1212 2933 1330 3022 tenet,
1370 2931 1477 3020 puta,
1522 2923 1554 2996 si
1578 2923 1684 2997 iudex
1711 2923 1817 3014 dixit:
1863 2923 2003 3016 ,‚solvc,

282 3027 406 3125 „qnod
435 3026 639 3123 accepisti'’,
664 3038 701 3099 et
727 3027 899 3098 incertum
923 3036 1017 3119 erat,
1046 3023 1146 3124 qnod
1172 3035 1355 3124 acceperat
1369 3025 1429 3118 ²²).
1455 3035 1496 3098 ut
1519 3025 1608 3101 Cod.
1634 3026 1681 3100 de
1707 3038 1796 3100 sent.
1823 3049 1916 3126 qnae
1939 3026 2004 3096 sin.

281 3140 365 3202 cert.
391 3138 513 3228 quant.
536 3124 573 3219 ⁷,
599 3123 661 3198 46.
683 3127 707 3198 l.
732 3125 795 3199 ult.

383 3232 472 3302 ltenr
498 3229 692 3301 notandum
717 3240 792 3322 est,
835 3225 932 3327 qood
966 3228 1079 3300 omnis
1114 3225 1220 3300 index
1246 3253 1271 3299 a¹
1293 3227 1486 3326 primordio
1519 3229 1589 3301 litis
1616 3254 1730 3327 usquc
1755 3227 1800 3300 ad
1825 3229 2001 3303 recitatio·
2020 3261 2053 3312 25

279 3359 359 3406 nem
384 3333 578 3406 sententiae
603 3329 808 3403 diffinitivae
831 3327 939 3401 debet
964 3354 1105 3429 semper
1126 3327 1257 3402 babere
1281 3339 1399 3403 sanas
1426 3331 1622 3430 scripturas
1650 3355 1769 3403 coram
1796 3357 1835 3404 sa
1865 3334 2000 3429 positas

281 3434 336 3506 vel
364 3433 489 3506 saltem
516 3433 553 3503 in
579 3433 657 3529 ipsa
680 3431 880 3530 prolatione
906 3433 1119 3524 sententiae,
1155 3441 1196 3502 ut
1221 3431 1286 3503 llei
1312 3433 1508 3530 praesentia
1533 3446 1674 3526 motus,
1711 3435 1893 3506 maturiori
1919 3459 2001 3506 con·
2066 3468 2070 3474 ·

279 3535 359 3609 silio
386 3546 421 3607 et
447 3533 732 3632 providentia²³)
759 3532 856 3606 litem
882 3532 1039 3627 dirimat,
1067 3534 1242 3625 sciturus,
1275 3534 1373 3631 quod
1399 3559 1478 3608 non
1500 3535 1610 3629 magis
1638 3533 1788 3629 iudicet,
1816 3561 1922 3636 quarn
1949 3537 2002 3606 iu·

279 3637 465 3710 dicabitur.
491 3649 532 3708 ut
560 3635 649 3708 Cod.
673 3633 717 3708 dc
743 3633 814 3707 ind.
834 3631 871 3716 5,
898 3631 931 3707 l.
956 3633 980 3706 l.
1007 3659 1082 3707 rem
1116 3660 1187 3706 nun
1220 3661 1360 3707 novam.
1376 3631 1437 3710 ld.
1471 3639 1554 3735 (pr.)
1608 3635 1678 3709 Sed
1711 3636 1817 3734 quid,
1859 3637 2002 3709 sibucc

279 3738 471 3812 solennitas
506 3736 685 3830 deluerit.
713 3763 757 3810 an
779 3737 950 3808 sententia
976 3733 1048 3807 luta
1074 3734 1228 3809 valebit?
1279 3739 1327 3812 Et
1352 3737 1480 3831 credo,
1511 3737 1610 3837 qnod
1636 3763 1719 3810 non.
1746 3750 1787 3811 ut
1812 3764 1886 3834 arg.
1911 3738 1999 3811 Cod.
2018 3763 2051 3816 30

280 3841 322 3914 de
347 3841 485 3913 iureiur.
512 3849 635 3938 propt.
658 3837 724 3912 cul.
739 3835 777 3932 P,
803 3833 865 3910 59.
891 3837 915 3908 l.
940 3863 1019 3912 curn
1054 3849 1091 3912 et
1124 3837 1269 3912 iudices.
1284 3835 1321 3912 2.
1346 3838 1433 3938 (pr.)
1485 3842 1534 3914 Et
1567 3840 1766 3933 sciendum,
1803 3839 1901 3939 quod
1932 3842 2001 3912 ista
2067 3925 2069 3930 Ι

280 3943 360 4015 talis
391 3941 567 4039 depositio
601 3965 782 4014 sncrarnn
810 3941 1064 4037 scripturarum
1096 3936 1249 4013 babetur
1280 3940 1361 4016 loco
1395 3943 1579 4016 iuramenti
1613 3954 1648 4015 et
1681 3941 1809 4014 dicitur
1840 3941 2000 4015 iudiciale

279 4041 539 4138 iusiurandum,
579 4055 615 4116 et
651 4043 700 4115 ita
731 4055 787 4116 est
821 4039 1082 4116 observandum
1118 4038 1164 4113 ab
1198 4041 1362 4118 omnibus
1394 4042 1598 4135 iudicibus,
1631 4068 1673 4117 ac
1705 4044 1737 4114 si
1769 4044 1999 4142 corporaliter

279 4145 459 4239 evangelia
478 4145 542 4218 Ilei
570 4155 800 4241 tangerentur
814 4143 875 4231 ²⁴).
901 4156 939 4218 nt
957 4142 1047 4218 cod.
1064 4143 1109 4216 de
1129 4143 1200 4216 iud.
1215 4142 1254 4238 5,
1273 4140 1307 4216 1.
1325 4145 1348 4215 Ι.
1366 4169 1439 4217 rem
1455 4170 1527 4218 non
1548 4169 1685 4217 novam.
1706 4139 1767 4218 ld.
1779 4149 1862 4243 (pr.)
1883 4147 1931 4236 25)
1949 4190 1999 4202 -

278 4249 445 4322 Moretur
468 4243 527 4320 bic
547 4249 706 4346 quaestio
733 4245 777 4320 dc
803 4243 932 4340 iudice,
959 4247 1022 4345 qui
1048 4247 1151 4319 tactis
1175 4244 1364 4340 evangeliis
1390 4245 1520 4318 iuravit
1545 4271 1758 4340 cognoscere
1785 4259 1820 4320 et
1845 4247 1997 4321 diffinire
2016 4267 2047 4318 as

177 4403 181 4412 .
278 4346 471 4422 secundum
496 4348 579 4441 ins,⁸
611 4360 648 4422 et
679 4359 765 4422 tuuc
801 4349 1010 4422 sententiam
1042 4347 1124 4422 tulit
1155 4374 1227 4420 non
1255 4345 1396 4440 habitis
1417 4347 1473 4420 vel
1507 4349 1632 4447 positis
1664 4374 1782 4422 coram
1817 4375 1855 4422 sc
1887 4351 1996 4420 sacris

279 4450 485 4548 scripturis,
511 4476 557 4521 an
583 4448 718 4524 valebit
743 4452 816 4525 eins
844 4448 1045 4522 sententia?
1097 4450 1226 4546 resp,
1253 4447 1381 4542 credo,
1409 4449 1506 4549 quod
1526 4452 1603 4544 sie,
1625 4454 1789 4550 qnoniam
1810 4452 1896 4524 satis
1922 4451 1996 4522 sui·

277 4725 305 4766 c.
325 4702 352 4766 l.
367 4697 417 4766 Gi
435 4699 538 4764 Gloer.
554 4703 588 4765 in
601 4719 631 4763 v.
648 4703 794 4780 sedere..)
815 4713 868 4768 „et
883 4701 964 4767 Cod.
989 4703 1031 4768 de
1047 4701 1107 4767 oli..
1211 4701 1274 4777 24)
1315 4723 1399 4783 corp.
1414 4723 1520 4782 maog.
1536 4707 1597 4767 Det
1610 4712 1693 4782 tang.
1722 4703 1769 4767 lta
1784 4701 1996 4774 scribendum

277 4803 381 4870 „civil
396 4801 465 4870 ind.
482 4800 512 4877 1,
526 4795 616 4868 4511.
634 4801 689 4901 l.”¹
1170 4823 1251 4869 esse
1265 4803 1396 4870 videtur
1409 4822 1452 4871 cx
1465 4823 1535 4870 vor.
1550 4802 1625 4870 loct.
1641 4803 1713 4872 bisr
1734 4804 1939 4890 „corporalis
1954 4807 1996 4870 dr·

318 4905 377 4987 tl)
420 4911 452 4967 et
464 4907 509 4967 ot.
522 4902 560 4968 B.
576 4903 614 4968 P.
629 4937 671 4953 ·-
685 4902 746 4968 Ab.
764 4905 839 4969 aG.
1170 4904 1366 4991 „evangelia
1381 4906 1424 4972 dr·
1437 4906 1680 4992 tangerentur.”
1688 4903 1731 4971 B.
1745 4943 1788 4954 —
1800 4907 2001 4992 »evangelie

173 5057 177 5068 ,
318 5007 378 5087 bb)
421 5009 683 5088 quodaeceperot
701 5003 739 5069 Β.
756 5039 797 5053 -
812 5005 864 5070 ΑΙ.
880 5009 986 5092 equod
1003 5027 1099 5073 accc·
1170 5005 1409 5090 „corporaliter
1422 5007 1627 5093 tangantur.”
1641 5005 1679 5070 P.
1694 5043 1736 5054 —
1759 5007 1996 5092 „corporaliter

277 5111 432 5192 „piasset”
445 5107 484 5173 P.
501 5145 540 5155 -
558 5108 656 5194 nqrrid
670 5105 890 5191 accepisset”
906 5109 945 5174 G.
1169 5110 1231 5173 ned
1251 5129 1350 5176 sacra
1377 5109 1552 5196 evangelia
1576 5113 1754 5175 iurarent.”
1781 5123 1813 5174 et
1834 5112 1866 5173 in
1887 5130 1990 5195 marg.
2011 5131 2026 5178 5

317 5209 379 5287 23)
419 5213 623 5292 providentia.
653 5208 690 5275 ll.
721 5245 761 5260 -
798 5209 850 5274 Al.
877 5211 1099 5294 „prudentio”
1169 5209 1229 5276 nal.
1247 5211 1403 5277 iuretur.”
1419 5211 1458 5277 G.

277 5311 313 5378 P.
330 5309 371 5374 G.
1208 5311 1270 5393 to)
1295 5311 1365 5378 66
1384 5311 1486 5378 Glors.
1502 5316 1532 5377 in
1548 5333 1578 5376 v.
1591 5313 1826 5380 iusiurandum.
