4800 5954
936 533 1420 656 mmmffima'
1952 571 2013 644 rm

290 761 507 857 lotionibus,
537 787 629 861 quae
653 759 880 854 indulgentur
904 786 925 833 a
948 761 1044 855 iure,
1077 761 1191 834 idest
1217 761 1261 834 de
1287 763 1397 834 seriis.
1449 763 1657 858 Videamus,
1690 790 1783 864 quae
1810 790 1937 860 genera
1960 767 2011 840 le·

290 869 420 938 riarum
446 876 549 956 sunt,
574 863 726 962 qualiter
748 863 1030 957 distinguantur,
1057 864 1144 962 quid
1172 865 1209 935 in
1237 865 1287 935 eis
1315 867 1370 957 agi
1393 869 1516 963 possit.
1535 870 1577 958 ²).

391 967 426 1066 g.
478 969 658 1040 Feriarum
673 966 760 1037 aliae
774 977 853 1037 sunt
868 966 1064 1060 solemnes,
1100 965 1187 1039 aliae
1212 969 1433 1062 repentinae,
1460 969 1550 1041 aliae
1572 973 1722 1056 rusticae
1743 993 1808 1042 seu
1832 969 2090 1073 publicac.§.l.

393 1071 578 1142 Solemnes
602 1069 711 1138 feriae
733 1081 817 1138 sont
843 1092 965 1140 omnes
993 1068 1068 1140 dies
1097 1067 1260 1140 dominici
1279 1065 1310 1165 3)
1333 1081 1369 1139 ct
1390 1071 1595 1142 solemnium
1628 1073 1879 1164 festivitatum,
1920 1097 2009 1171 quae

290 1183 522 1244 numerantur
547 1169 591 1241 de
616 1195 774 1242 consecr.
799 1171 889 1241 nist.
905 1167 942 1240 5.
968 1195 998 1240 e.
1018 1166 1072 1262 1.,
1094 1181 1131 1241 et
1148 1172 1252 1240 etiam
1274 1171 1416 1267 quidam
1442 1172 1535 1265 dies,
1560 1175 1623 1271 qui
1650 1174 1867 1272 praecedunt
1893 1185 1928 1247 ct
1953 1201 2042 1253 sc·5

293 1286 453 1372 quantur
479 1273 650 1370 quasdam
677 1272 887 1342 festivitates
903 1272 954 1364 ¹),
984 1273 1161 1345 sciliceta
1189 1283 1323 1370 septem
1353 1272 1479 1344 diebus
1510 1287 1590 1347 ante
1615 1276 1841 1348 festivitatem
1867 1275 1925 1346 vel
1950 1303 2012 1346 na·

291 1378 464 1448 tivitatem
498 1373 640 1446 Domini
679 1397 792 1471 usque
831 1373 876 1444 ad
914 1385 1073 1444 octavam
1105 1373 1313 1471 epiphaniae
1348 1387 1384 1446 et
1412 1400 1432 1445 a
1458 1377 1749 1474 quinquagesima
1767 1379 1798 1466 5)
1825 1401 1939 1476 usque
1966 1378 2010 1450 ad

292 1489 452 1549 octavam
475 1474 626 1574 paschae
654 1488 691 1548 et
714 1486 850 1572 septem
877 1472 1000 1547 diebus
1018 1473 1050 1571 1)
1079 1487 1159 1546 aute
1185 1477 1402 1548 nativitatem
1429 1478 1541 1549 sancti
1567 1478 1732 1551 Iohannis
1758 1479 1948 1576 Baptistae.
1974 1493 2012 1552 ut

291 1577 402 1652 015.
428 1606 463 1677 q.
480 1577 518 1650 1.
536 1604 566 1650 c.
585 1576 713 1674 piacita
739 1573 990 1650 saecularia&
1017 1589 1054 1649 et
1082 1577 1170 1649 Cod.
1196 1577 1241 1648 de
1265 1578 1329 1648 ier.
1347 1576 1386 1671 5,
1404 1574 1463 1650 11.
1489 1578 1513 1648 l.
1539 1578 1603 1650 nlt.
1621 1580 1653 1678 7)
1705 1582 1954 1653 Verumtamen
1970 1581 2010 1653 li·

292 1693 347 1752 cet
372 1682 551 1778 praedicta
579 1681 653 1750 iura
682 1705 803 1752 omnes
829 1679 1049 1776 supradictos
1076 1677 1150 1750 dies
1176 1691 1341 1751 censeant
1368 1705 1445 1752 esse
1472 1680 1667 1772 solemnes,
1691 1696 1807 1755 tamen
1834 1682 1930 1780 qood
1956 1682 2009 1755 di·
2029 1711 2061 1763 ιο

292 1795 386 1854 etum
415 1796 471 1856 est
496 1781 540 1854 de
566 1779 814 1853 observatione
839 1781 1150 1880 quinquagesimae
1166 1779 1201 1878 ¹¹)
1237 1791 1272 1853 et
1309 1779 1353 1852 de
1384 1793 1520 1882 septem
1542 1781 1665 1855 diebus
1692 1797 1772 1856 aute
1797 1784 2011 1858 nativitatem

293 1886 404 1956 sancti
429 1884 618 1975 Iohannis,
657 1884 762 1956 credo
789 1908 859 1954 nou
885 1894 1024 1974 tenere,
1060 1887 1125 1979 per
1149 1883 1359 1954 contrariam
1384 1883 1669 1957 cousuetudinem
1694 1887 1875 1958 Romanae
1901 1886 2011 1959 ecele-

293 1988 365 2060 siae
392 1997 429 2058 et
455 1986 601 2058 aliarum
631 1986 910 2082 provinciarum,
938 1985 1063 2056 ceteris
1090 1995 1209 2056 autem
1234 1982 1359 2055 diebus
1386 1986 1421 2054 in
1446 2011 1512 2057 suo
1541 1984 1672 2059 robore
1699 1987 1876 2059 duraturis
1894 1985 1938 2086 ¹¹).
2055 2007 2062 2016 ·

393 2090 612 2187 Repentinae
636 2099 741 2180 snut,
783 2111 872 2184 quas
906 2088 1071 2184 princeps
1106 2086 1228 2157 indicit
1261 2083 1309 2157 ob
1336 2084 1514 2182 publicam
1542 2088 1836 2181 gratulationem,
1878 2090 2012 2163 seilicet

293 2189 341 2262 ob
364 2189 454 2263 diem
481 2189 630 2262 natalem
658 2189 881 2287 imperatoris
909 2187 966 2259 vcl
992 2190 1069 2260 eius
1095 2187 1178 2280 lilii,
1223 2187 1279 2260 vel
1310 2200 1457 2286 propter
1492 2189 1655 2282 gaudium
1683 2191 1850 2263 victoriae
1875 2191 1919 2262 dc
1946 2193 2060 2269 ini-15

292 2293 390 2364 micis
404 2291 556 2384 habitae,
583 2315 674 2388 quae
699 2318 719 2363 a
744 2291 841 2363 nullo
868 2290 990 2362 iudice.
1008 2289 1115 2362 indici
1140 2300 1292 2387 possunt
1316 2290 1384 2360 uisi
1409 2315 1429 2360 a
1453 2291 1619 2388 principe.
1642 2304 1683 2362 at
1702 2291 1792 2365 cod.
1807 2316 1838 2364 e.
1855 2303 1880 2364 t.
1895 2289 1934 2384 5,
1953 2290 2011 2364 11.

294 2395 318 2466 l.
345 2421 365 2466 a
393 2394 501 2467 nullo.
516 2393 552 2465 1.
571 2394 617 2484 ¹⁰)

394 2497 563 2570 Rusticae
588 2507 671 2568 snut
697 2521 761 2567 seu
788 2493 972 2592 publicae,
1012 2519 1105 2592 quae
1132 2495 1262 2566 dautur
1287 2507 1436 2592 propter
1461 2493 1639 2592 publicam
1664 2496 1868 2590 utilitatem,
1914 2494 2009 2568 vide·
2150 2558 2157 2572 .

294 2601 377 2673 licet
401 2626 468 2695 pro
496 2596 671 2670 messibus
698 2610 734 2670 et
760 2598 939 2670 vindemiis
967 2596 1191 2690 colligendis,
1235 2609 1270 2668 et
1296 2609 1378 2668 sunt
1408 2597 1561 2670 duorum
1586 2601 1769 2671 meusium.
1797 2609 1837 2671 ut
1862 2597 1951 2671 Cod.
1978 2623 2008 2670 e.

294 2713 319 2772 t.
334 2699 448 2793 5,11.
480 2701 504 2772 l.
538 2699 713 2796 publicas.
726 2697 762 2770 5.
780 2699 827 2798 11)
859 2711 895 2770 et
921 2699 944 2770 l.
971 2725 1092 2770 omnes
1120 2699 1206 2770 dies.
1228 2696 1263 2770 7.
1314 2700 1361 2770 Et
1393 2698 1459 2770 hae
1488 2700 1596 2771 leriae
1627 2701 1779 2772 rusticae
1808 2711 2009 2772 statuuntur
2026 2725 2059 2777 eo

294 2802 487 2875 seeundum
520 2801 803 2874 cousuetudinem
834 2801 1004 2899 cuiusque
1039 2801 1108 2872 loci
1143 2813 1179 2873 et
1209 2801 1403 2872 seeundum
1428 2802 1544 2872 varios
1575 2802 1666 2874 situs
1680 2801 1727 2899 ¹²)
1762 2811 1945 2874 terrarum.
1971 2813 2011 2874 ut

293 2906 374 2996 ltig.
404 2903 448 2975 de
475 2903 540 2975 ser.
558 2901 596 2996 1,
612 2901 671 2975 11.
695 2903 718 2974 l.
744 2927 899 3001 praeses.
917 2903 963 2994 13)
981 2900 1018 2974 1.
1045 2943 1095 2957 -
1145 2904 1193 2974 Et
1225 2917 1331 2996 nota,
1375 2902 1473 3001 qnod
1504 2901 1571 2976 hae
1609 2903 1719 2975 seriae
1749 2901 1911 3000 publicae
1946 2929 2008 2975 seu

294 3007 445 3077 rusticae
473 3031 544 3077 non
570 3004 683 3076 solum
710 3005 755 3076 ad
781 3009 933 3077 rusticos
956 3003 1014 3076 vel
1040 3004 1273 3098 agricultores
1303 3004 1561 3096 extenduntur,
1601 3004 1664 3078 sed
1691 3006 1795 3078 etiam
1820 3005 1865 3076 ad
1887 3030 2009 3078 omnes

294 3108 398 3199 alios,
424 3119 465 3178 ut
491 3108 571 3200 ltig.
598 3106 641 3178 de
667 3103 959 3200 1οι.1,11.1.1.
988 3111 1092 3204 (pc),
1118 3108 1302 3203 quoniam,
1330 3107 1413 3178 lieet
1438 3107 1592 3204 propriis
1619 3105 1781 3178 manibus
1807 3133 1879 3178 uon
1908 3106 2008 3179 eolli-
2103 3179 2106 3184 ,

294 3222 378 3303 gant
404 3208 565 3301 fruetus,
604 3219 747 3306 oportet
774 3203 890 3280 tamen
918 3234 980 3281 eos
1015 3208 1195 3280 intendere
1220 3208 1265 3280 ad
1294 3210 1432 3281 l'ructus
1458 3208 1679 3302 colligendos
1705 3234 1771 3307 per
1797 3234 1836 3280 se
1861 3207 1919 3280 vel
1944 3235 2009 3308 per
2026 3229 2058 3287 2⁵

294 3337 378 3384 suos
400 3323 672 3408 procuratores,
701 3309 868 3410 syndicos
896 3310 954 3382 vel
979 3322 1126 3383 actores.
1143 3308 1190 3409 11)

293 3565 448 3647 ,‚rubr.”)
463 3601 505 3612 -
526 3563 578 3630 Al.
595 3563 672 3645 „De
688 3561 877 3640 dilationib.‚
893 3583 978 3649 quae
993 3583 1116 3649 augen-
1229 3564 1265 3645 7)
1307 3561 1387 3627 Bu.
1418 3563 1515 3628 codd.
1530 3563 1570 3628 Α.
1584 3561 1623 3629 Ε.
1647 3563 1721 3630 add.
1741 3573 1798 3645 „et
1820 3561 1952 3648 plenius
1967 3563 2008 3628 X.

293 3668 388 3747 „tur”
405 3665 553 3752 (legend.
569 3663 841 3750 „indulgentur”)
858 3687 903 3743 „a
918 3667 1017 3729 iure.'‘
1032 3665 1072 3730 Α.
1186 3663 1252 3746 ‚,G.
1269 3667 1310 3730 de
1324 3663 1427 3730 seriis.
1444 3665 1476 3746 1,
1490 3664 1520 3729 a
1536 3686 1566 3730 o.
1581 3664 1658 3731 nlt.”
1673 3663 1816 3750 Gregor.
1831 3665 1860 3730 9.

334 3769 372 3851 1)
416 3771 549 3832 liceant.
572 3791 618 3848 ap.
648 3767 692 3830 tit.
714 3768 757 3831 de
777 3765 837 3832 ier.
860 3788 911 3851 pr.
933 3812 990 3847 „..
1013 3775 1116 3832 atten-
1226 3766 1266 3842 8)
1309 3774 1590 3849 qrriaqnaqear'mna.
1612 3753 1654 3816 -2
1674 3765 1779 3832 0011.
1799 3766 2007 3832 11111ιὶ511-

293 3869 462 3947 ‚,dendnm
474 3879 536 3948 est,
553 3878 630 3952 quot
645 3871 709 3933 sint
720 3888 845 3953 genera
855 3866 1023 3948 feriarum,
1039 3869 1116 3954 quid
1183 3887 1256 3950 pra.
1271 3878 1338 3932 not.
1353 3867 1383 3931 5.

293 3969 350 4050 „in
372 3971 422 4034 eis
445 3971 499 4054 agi
521 3969 627 4052 possit
646 3968 702 4034 vel
723 3989 809 4048 non,
839 3979 871 4033 et
890 3971 1008 4054 quibus
1022 3967 1115 4034 feriis
1225 3967 1266 4043 9)
1311 3973 1443 4030 licerent.
1459 3990 1506 4048 ap.
1523 3965 1579 4031 lib.
1593 3970 1624 4031 1.
1640 3989 1672 4052 p.
1689 3966 1718 4033 1.
1733 3967 1777 4031 tit
1793 3967 1835 4030 dc
1850 3964 1912 4031 ier.
1928 3963 1958 4052 §.
1978 3967 2006 4030 1.
2024 3973 2039 4026 t

294 4072 424 4155 „possit
445 4071 656 4136 renuntiari.”
679 4083 712 4135 et
731 4072 774 4136 ibi
792 4076 833 4133 lo.
851 4073 951 4136 Andr.
968 4069 1113 4150 „Tancr.
1184 4089 1272 4134 num.
1287 4073 1318 4134 1.
1334 4070 1398 4134 ista
1413 4068 1538 4150 recepit
1553 4077 1585 4132 et
1600 4068 1698 4132 auxit.
1731 4066 1773 4130 Et
1785 4067 1830 4132 ibi
1845 4073 1889 4131 Io.
1905 4069 2008 4130 Andr.

295 4204 324 4237 n.
341 4217 348 4232 .
366 4173 437 4250 tria,
454 4193 539 4257 qnae
556 4173 722 4256 distinguit
737 4183 867 4250 auctor,
885 4173 1113 4258 prosequitur'’
1185 4170 1263 4235 inv.
1282 4171 1457 4235 duraturis.
1479 4167 1778 4248 „securamen
1799 4169 1855 4235 ubi
1878 4173 2010 4255 supra.”

293 4272 351 4358 (ci.
366 4272 432 4337 hui.
447 4283 468 4336 t.
484 4272 513 4358 §.
530 4273 592 4351 1.),
607 4273 710 4354 „licet
724 4274 755 4338 in
766 4275 871 4357 princ.
886 4273 993 4338 solum
1009 4275 1116 4358 expri·
1185 4271 1258 4353 (Cf.
1275 4283 1340 4336 not.
1358 4273 1385 4333 1.
1401 4267 1491 4334 adh.
1506 4270 1545 4352 t.)

293 4387 386 4457 „mat
398 4375 503 4460 prima
519 4374 613 4438 duo.’'
1229 4373 1285 4455 10)
1328 4371 1368 4435 Η.
1384 4373 1415 4436 1.
1431 4380 1505 4435 test.
1521 4375 1566 4434 10.
1583 4370 1687 4434 Andr.
1701 4368 1723 4434 l.
1737 4368 1761 4435 l.
1783 4368 1812 4455 §.
1831 4373 1859 4434 1.
1873 4389 1961 4436 num.
1976 4371 2007 4438 3.

334 4477 370 4560 3)
413 4481 563 4539 dorutnr'cr'.
580 4474 677 4560 Vulg.
693 4513 735 4524 -
749 4475 800 4542 At.
816 4475 1057 4559 „dominicae”
1075 4474 1114 4540 B.
1184 4473 1217 4537 in
1232 4493 1264 4536 v.
1279 4471 1378 4537 nullo.
2027 4475 2058 4526 ¹⁰

293 4581 331 4646 L.
347 4581 378 4644 1.
394 4576 471 4644 3.4.
1229 4576 1285 4657 11)
1328 4579 1348 4637 l.
1361 4579 1510 4656 publicar.
1525 4571 1579 4640 Rs·
1597 4575 1671 4640 1.1.
1686 4595 1750 4640 οιιι.

334 4683 372 4764 1)
415 4679 467 4744 at.
485 4677 559 4741 1.1.
579 4675 653 4740 add.
675 4689 774 4757 „sunt
789 4679 1004 4758 observandi,
1033 4689 1114 4744 tam·
1229 4677 1285 4760 11)
1327 4683 1416 4739 attor.
1431 4676 1478 4742 lta
1494 4677 1591 4742 codd.
1606 4675 1646 4740 t.
1661 4685 1693 4740 et
1709 4672 1858 4760 plerique
1873 4673 1952 4742 B.B.
1968 4711 2009 4726 -

293 4802 416 4869 „quam
431 4779 569 4846 seriati.”
1184 4780 1237 4845 Al.
1255 4779 1390 4858 „ritus'¹
1406 4776 1480 4842 Hal.
1496 4787 1529 4842 et
1542 4776 1595 4843 111.
1612 4778 1640 4840 l.
1655 4776 1686 4840 1.

334 4885 371 4967 5)
415 4887 676 4966 qrer'uqoaqesima.
692 4913 734 4928 -
757 4879 863 4946 Codd.
885 4880 937 4946 111.
951 4881 983 4945 1.
1000 4879 1116 4961 ,‚XL.'’
1232 4880 1289 4954 13)
1330 4901 1466 4960 praeses.
1482 4913 1524 4924 -
1538 4875 1590 4942 111.
1608 4880 1635 4942 1.
1650 4875 1680 4940 1.
1697 4879 1926 4959 „praesides”

293 5023 335 5034 -
351 4983 393 5050 al.
409 4983 721 5070 „quadragesima”
1229 4980 1285 5064 14)
1328 4981 1367 5045 ll.
1386 4981 1417 5044 1.
1433 4989 1465 5043 et
1479 4977 1503 5042 1.
1518 4989 1592 5044 test.
1608 4981 1652 5042 10.
1662 4977 1763 5042 Arrdr.
1777 4984 1821 5043 od
1834 4982 1873 5042 11.
1889 5001 1931 5061 sp.
1950 4977 2006 5043 lib.
2027 4984 2057 5034 ¹5
2164 5033 2167 5038 .

334 5088 375 5168 6)
417 5095 532 5169 ceptam
552 5089 667 5150 dietas.
693 5085 748 5150 Bs.
769 5084 806 5150 L.
823 5084 895 5148 11.
917 5083 955 5148 Ε.
975 5081 1051 5146 Hal.
1073 5115 1115 5130 -
1182 5083 1213 5146 1.
1236 5104 1268 5166 p.
1287 5082 1315 5148 l.
1334 5082 1379 5146 tit.
1402 5083 1443 5146 de
1466 5078 1527 5146 ser.
1550 5079 1580 5166 §.
1597 5079 1625 5144 l·
1647 5098 1735 5144 num.
1749 5078 1780 5145 8.
1800 5081 1833 5146 in
1854 5103 1885 5146 v.
1910 5101 2009 5147 vene·

293 5189 343 5253 Al.
360 5209 405 5268 „a
420 5197 549 5270 septem
566 5187 671 5251 dieb.'’
685 5187 725 5250 B.
739 5187 779 5251 Α.
795 5185 833 5251 1..
848 5183 879 5250 3.
899 5219 938 5233 -
962 5193 1116 5267 „septem
1184 5181 1297 5248 realis.

294 5291 421 5372 „dies”
439 5288 542 5354 Codd.
561 5287 613 5354 Rl.
630 5290 658 5354 l.
674 5288 702 5352 2.
1272 5281 1323 5350 Cl.
1339 5283 1370 5350 h.
1385 5295 1469 5371 part.
1487 5285 1532 5348 tit.
1548 5280 1577 5348 3.
1592 5283 1625 5348 iu
1640 5279 1662 5348 1.

1789 5433 1842 5508 11
