4786 5962
376 505 419 572 48
953 499 1038 570 Pillii
1066 502 1109 570 de
1136 502 1207 572 ord
1236 501 1387 571 iudicior.
1428 500 1466 567 P.
1481 499 1511 569 3.

378 719 526 794 poenam
552 697 714 793 patiatur.
756 695 880 792 Resp,
907 689 992 765 nibil
1020 703 1105 765 tuuc
1126 690 1199 764 sibi
1226 691 1351 766 obesse
1377 689 1499 785 debet,
1526 693 1559 764 ei
1585 692 1675 766 nolit
1701 693 1747 768 de
1774 693 1945 768 calumnia
1973 697 2104 792 iurare3

380 801 462 898 quio
493 799 596 870 etiam
624 799 659 868 in
686 795 807 868 multis
843 796 921 866 aliis
957 795 1075 867 causis
1114 795 1295 866 dissimilia
1325 805 1407 866 sunt
1433 795 1562 868 iudicia
1589 794 1634 866 ab
1660 794 1808 870 arbitrio
1827 795 1886 895 17).
1915 841 1966 858 -
2016 801 2105 872 ltem

379 901 578 998 quaeritur,
625 925 703 972 cum
730 896 781 968 ab
816 909 937 971 actore
964 907 1227 969 sacramentum
1253 897 1444 970 calumniae
1470 898 1650 992 exigatur,
1695 923 1740 972 uu
1757 897 1803 995 18)
1833 897 1960 972 debeat
1986 901 2016 972 ei
2042 927 2103 998 pe·

379 1003 466 1074 tenti
491 1000 536 1073 ud
561 1001 631 1073 boc
645 1001 691 1093 19)
722 999 799 1072 dari
825 999 972 1072 dilutio?
1008 999 1153 1096 ’Resp.‚
1196 1024 1273 1072 eam
1294 998 1377 1071 dari
1404 997 1553 1092 debere,
1591 1012 1701 1096 prout
1727 1000 1833 1074 iudex
1862 1003 2104 1101 prospexerit,

348 1102 478 1203 ,quod
504 1102 684 1198 colligitur
705 1127 750 1175 ex
777 1101 840 1176 illo
867 1098 979 1177 verbo
1003 1111 1068 1196 „et
1092 1100 1162 1173 boc
1185 1099 1340 1195 legitime
1367 1099 1476 1173 fuerit
1501 1100 1761 1199 approbatum”
1778 1103 1914 1176 inCod.
1930 1130 1961 1176 c.
1979 1101 2043 1176 ti
2069 1102 2107 1203 5.

382 1204 534 1304 quodsi
562 1201 727 1278 actonss.
754 1229 836 1275 nam
860 1201 931 1276 boc
958 1228 985 1274 a
1020 1202 1135 1276 iudice
1167 1201 1274 1276 debet
1306 1199 1508 1300 approbari.
1522 1204 1572 1289 ²⁰)
1606 1227 1680 1297 arg.
1709 1205 1797 1277 Cod.
1824 1203 1869 1277 dc
1901 1203 1975 1276 reb
2012 1206 2104 1278 cred.

381 1307 421 1400 4,
449 1303 532 1379 l.'l.
558 1307 778 1402 generaliter.
792 1301 851 1377 12.
879 1300 990 1404 (5.1.)
1004 1305 1131 1396 21)·--
1181 1307 1271 1378 {tem
1297 1305 1496 1402 quaeritur,
1525 1329 1570 1375 an
1595 1317 1695 1378 actor
1721 1318 1805 1378 tunc
1830 1309 1967 1379 amittat
1996 1309 2103 1382 actio·

382 1435 460 1482 nem
481 1409 566 1506 ipso
591 1410 747 1500 iure22),
773 1405 830 1478 nel
855 1432 920 1504 per
941 1404 1177 1480 seutentiaml
1203 1407 1250 1478 Et
1274 1405 1577 1504 dicuntquidam,
1602 1408 1682 1505 ipso
1699 1409 1806 1503 .iure;
1833 1408 1906 1500 alii,
1933 1434 1998 1505 pcr
2025 1434 2103 1482 sen·

378 1513 542 1606 tentiam-3
580 1535 736 1610 quorum
760 1509 893 1581 dictum
921 1509 1033 1601 magis
1055 1505 1230 1606 approbo.
1262 1518 1301 1579 ut
1326 1532 1400 1602 urg.
1423 1509 1461 1578 in
1476 1501 1586 1580 autb
1612 1508 1695 1581 coll.
1714 1506 1751 1581 9.
1780 1521 1821 1582 ut
1850 1510 2000 1604 litigant.
2038 1513 2104 1582 iur.

333 1646 366 1697 10
384 1613 490 1712 (Nor.
505 1610 592 1684 120.
619 1607 697 1686 cl.
724 1614 760 1682 in
786 1611 827 1702 t)
846 1611 894 1701 23)
948 1609 1040 1683 Sunt
1068 1621 1189 1682 tamen
1216 1609 1266 1682 de
1298 1607 1366 1682 boc
1394 1621 1601 1706 argumente
1633 1611 1737 1709 plura
1765 1624 1801 1686 et
1828 1611 1924 1706 leges
1949 1611 2031 1684 binc
2053 1615 2104 1684 in·

381 1716 425 1790 de
438 1715 500 1810 24).
521 1755 572 1767 -
623 1711 695 1786 Sed
723 1711 820 1785 aliud
839 1722 898 1784 est
921 1710 1027 1784 bodie
1052 1713 1090 1784 in
1114 1725 1236 1786 actore
1261 1709 1407 1784 nolente
1432 1713 1667 1785 iuramentum
1694 1714 1888 1788 calumniae
1911 1725 2104 1812 praestare,

381 1831 422 1891 ut
447 1817 617 1890 observet
642 1813 862 1888 consuetudo
888 1815 981 1886 inter
1006 1839 1148 1909 omues,
1186 1823 1231 1885 ut
1255 1812 1384 1910 credo,
1413 1839 1495 1885 uam
1522 1816 1642 1886 statim
1669 1840 1711 1888 eo
1740 1815 1882 1888 uolente
1907 1840 2104 1889 sacramen·

346 1929 353 1940 ’
382 1933 456 1995 tum
482 1917 618 2010 subire,
644 1915 778 1990 decima
803 1917 1009 2015 quantitatis
1034 1917 1070 1986 in
1096 1916 1266 2013 petitione
1291 1913 1564 2013 comprehensae
1586 1916 1702 1988 soluta
1724 1917 1769 1990 ab
1795 1943 1838 1991 eo
1861 1928 1898 1992 et
1922 1918 1999 1990 aliis
2026 1921 2104 2017 qui·

381 2021 534 2093 busdam
560 2020 724 2117 expensis
749 2017 944 2116 praebitis,
985 2018 1181 2092 seeundum
1207 2017 1332 2104 iudicis
1359 2017 1578 2090 voluntatem
1606 2020 1642 2090 iu
1674 2045 1777 2093 causa
1803 2031 1838 2092 et
1863 2045 1930 2118 pro
1946 2021 1994 2114 25)
2023 2045 2105 2094 cau·

334 2147 366 2196 15
384 2148 442 2194 sue
471 2123 678 2194 necessitate
703 2121 855 2214 erogatis
872 2121 941 2214 ²⁶),
985 2119 1176 2194 dimittitur
1206 2132 1242 2192 et
1275 2119 1454 2192 relaxatur
1487 2145 1567 2192 cum
1599 2122 1673 2194 suis
1707 2120 1918 2221 pignoribus
1953 2133 1989 2195 et
2022 2148 2104 2195 cau·

383 2225 479 2298 tione
504 2249 525 2294 a
551 2223 702 2314 iudicio,
719 2231 764 2295 ⁴et
788 2246 862 2293 non
890 2224 1025 2320 patitur
1050 2223 1151 2294 aliam
1175 2247 1341 2320 poenam.
1367 2261 1418 2276 ·-
1469 2222 1566 2294 Reus
1593 2247 1695 2315 vero,
1724 2227 1784 2324 qui
1809 2225 2023 2297 recusaverit
2047 2215 2103 2295 sa·

383 2335 600 2400 uramentum
626 2323 746 2398 subire
771 2324 980 2417 calumniae,
1014 2322 1201 2397 habebitur
1216 2327 1264 2418 ²⁷)
1293 2348 1360 2421 pro
1388 2323 1553 2396 confesso
1579 2324 1717 2418 iubis,
1757 2351 1848 2425 quae
1871 2335 1972 2398 actor
1996 2328 2104 2423 petie-

384 2432 449 2523 rit3
473 2441 523 2522 et,
548 2439 661 2525 prout
685 2427 737 2498 rei
761 2425 911 2522 qualitas
937 2427 1110 2520 exegerit,
1137 2426 1242 2498 iudex
1268 2450 1368 2496 suam
1389 2422 1542 2498 dictabit
1563 2430 1793 2523 senteutiam3
1819 2440 1860 2499 ut
1874 2428 1961 2500 cod.
1981 2428 2028 2501 de
2051 2429 2103 2500 iu·

385 2533 487 2603 reiur.
513 2541 633 2629 propt.
660 2527 725 2602 cal.
747 2523 785 2618 2,
806 2523 872 2599 59.
898 2524 970 2600 itt
1008 2525 1044 2626 5.
1076 2529 1132 2599 sin
1165 2538 1291 2600 autem.
1316 2525 1350 2597 7.
1366 2527 1414 2617 28)
1453 2540 1558 2624 puta:
1592 2529 1623 2600 si
1647 2532 1878 2602 conueniatur
1903 2531 2039 2602 actione
2060 2557 2105 2604 ex

335 2646 501 2726 coemto,
529 2625 823 2705 condemnabitur
847 2628 900 2718 ud,
919 2631 1106 2724 interesse,
1125 2631 1163 2702 si
1182 2632 1325 2702 ‚actione
1350 2631 1387 2702 in
1406 2653 1499 2722 rem,
1527 2629 1816 2704 condemnabitur
1841 2633 1878 2704 in
1901 2657 1987 2724 rem,
2014 2657 2105 2730 quae

384 2737 537 2834 petitur,
578 2732 636 2804 vel
661 2731 779 2803 aliter:
823 2733 854 2802 si
876 2730 1160 2804 condemnandus
1192 2742 1287 2804 esset
1320 2756 1365 2802 cx
1390 2755 1497 2804 causa
1521 2734 1728 2829 proposita,
1767 2736 1798 2805 si
1826 2735 2103 2825 convinceretur,

386 2833 678 2911 condemnabitur
697 2831 760 2931 29).
787 2873 838 2892 --
886 2832 975 2908 lude
1005 2859 1091 2906 ‚vero
1124 2831 1183 2906 bic
1220 2834 1423 2933 quaeritur,
1464 2858 1509 2903 an
1541 2857 1626 2906 reus
1659 2837 1778 2932 possit
1809 2837 1989 2933 poenitere
2018 2859 2105 2907 suae

429 3089 487 3174 17)
530 3087 571 3154 ll.
587 3088 618 3154 d:
633 3098 708 3152 test.
724 3089 850 3150 uanae.
872 3084 917 3150 tit.
932 3081 984 3148 50.
1000 3093 1033 3148 et
1046 3085 1093 3150 lo,
1109 3085 1212 3149 Andr.
1323 3085 1382 3170 24)
1426 3083 1476 3152 Gl'.
1492 3087 1639 3168 Huqolr'n.
1654 3085 1799 3173 11125.
1816 3083 1864 3151 lli
1880 3105 1957 3172 pag.
1971 3083 2043 3152 319.

387 3196 431 3256 ud
444 3194 484 3256 D.
498 3214 545 3273 ep.
555 3188 616 3256 lib.
626 3187 662 3254 ’2.
678 3187 757 3274 pi.
776 3187 821 3256 tit.
839 3187 881 3250 tle
895 3187 1010 3256 iurmn.
1025 3185 1165 3252 column.
1181 3184 1211 3274 §.
1323 3187 1381 3272 25)
1423 3209 1491 3269 pro.
1504 3186 1544 3252 P.
1560 3185 1600 3251 G.
1616 3223 1658 3233 -
1669 3186 1710 3252 Β.
1726 3208 1790 3252 orn.

387 3294 416 3360 5.
432 3313 482 3376 pr.
1323 3289 1386 3371 26)
1423 3288 1465 3353 Β.
1481 3286 1522 3353 G.
1544 3285 1630 3354 male
1646 3287 1866 3374 „erogantis”
1896 3325 1938 3337 -
1963 3289 2003 3354 P.
2020 3291 2107 3355 „exi-

473 3390 514 3457 G.
530 3391 625 3460 adda
652 3392 755 3463 Actor
768 3389 985 3458 contradicit
999 3389 1104 3469 enirn,
1134 3391 1212 3476 quia
1278 3389 1416 3478 agatis?

356 3519 372 3567 5
388 3495 504 3586 „prius
525 3493 624 3560 babet
640 3493 914 3561 deliberationem
934 3509 995 3558 seu
1016 3500 1148 3574 tempus
1169 3491 1213 3558 ad
1322 3491 1383 3574 27)
1424 3493 1593 3556 tutamur.
1608 3490 1646 3556 P.
1669 3527 1712 3538 -
1729 3489 1785 3558 Al.
1803 3489 1996 3560 „babetur”
2011 3492 2050 3557 Β.
2067 3527 2108 3541 -

390 3594 674 3672 „deliberandum
704 3593 831 3660 scilicet
845 3593 944 3659 cedat
956 3591 1013 3658 vet
1027 3592 1213 3660 contendet.
1280 3629 1323 3641 -
1339 3591 1552 3659 „habeatnr”
1566 3591 1607 3657 G.
1986 3613 1987 3618 ¹

390 3693 846 3766 autinAuth.illuoffcratur.”
859 3691 1059 3774 (astiludiis
1072 3691 1212 3760 litcont.
1323 3693 1381 3775 28)
1425 3691 1476 3761 Cf.
1492 3697 1638 3775 mooun.
1653 3697 1696 3760 D.
1712 3697 1753 3760 D.
1769 3693 1800 3783 §.
1817 3693 1868 3762 79.
1882 3695 1934 3764 82.
1947 3695 2108 3784 papirii).

389 3799 421 3882 3,
430 3800 476 3882 0.)
498 3797 625 3864 Verum
645 3795 732 3864 hoec
751 3795 816 3862 alio
839 3792 914 3860 loeo
932 3794 966 3858 in
986 3814 1091 3879 marg.
1110 3813 1213 3879 appo-
1280 3794 1355 3861 322.
2198 3795 2208 3828 ⁸

391 3899 736 3968 sitaiuissevidentur.
746 3895 879 3981 inag.
887 3895 937 3961 217.
945 3907 1034 3962 vem.
1044 3895 1092 3961 10.
1101 3907 1134 3962 et
1142 3917 1213 4005 serp.
1324 3895 1385 3976 29)
1427 3905 1458 3962 er·
1482 3902 1734 3964 condemnandus
1759 3933 1801 3948 -
1825 3935 1867 3946 -
1891 3904 2109 3966 condemnati·
2216 3949 2222 3964 .

344 4019 376 4072 10
436 4001 495 4087 18)
537 4025 590 4070 un.
606 4000 647 4068 G.
662 3998 757 4065 -Β,
771 3997 808 4064 Ρ.
823 4018 887 4064 om.
1282 3997 1396 4064 tuass.
1411 3996 1449 4063 Ρ.
1479 4033 1521 4048 -
1549 3998 1602 4065 Al.
1626 3999 1666 4066 G.
1687 4002 1737 4067 „si
1765 4002 2038 4068 condemnandus
2066 4022 2109 4069 ex

435 4103 495 4175 19)
537 4101 767 4167 0100011-
781 4098 835 4165 Al.
851 4097 1013 4167 „adhuc”
1030 4098 1070 4164 Β.
1085 4135 1128 4148 -
1151 4100 1215 4165 „ad
1283 4121 1410 4166 „causa
1450 4101 1623 4188 proposito
1655 4101 1940 4184 condemnabitur,
1981 4113 2034 4187 ut,
2078 4106 2109 4170 si

393 4201 740 4276 „deliberationum
755 4239 797 4251 —
812 4198 862 4266 Cs.
877 4206 922 4264 10.
937 4200 1041 4264 Andr.
1057 4206 1100 4264 od
1112 4203 1153 4265 D.
1168 4225 1216 4282 cp.
1284 4213 1381 4290 „pcto
1416 4213 1497 4268 otc
1527 4204 1662 4283 decem,
1700 4203 1776 4288 quia
1803 4205 2001 4291 promisisti,
2044 4225 2108 4292 ego

392 4307 448 4373 lib.
463 4308 492 4372 2.
512 4327 544 4390 p.
560 4305 592 4368 2.
613 4306 657 4370 tit.
680 4305 721 4370 de
740 4307 856 4371 iuram.
876 4302 941 4370 cul.
963 4299 993 4394 §
1008 4303 1038 4368 o.
1059 4321 1148 4372 num.
1165 4303 1215 4368 lo.
1284 4303 1379 4370 odico
1409 4315 1525 4371 contra
1551 4325 1615 4390 per
1641 4305 1764 4370 metum
1781 4307 1990 4390 promisisse,
2019 4321 2107 4389 tunc,

391 4411 424 4474 in
439 4432 470 4474 v.
483 4409 527 4473 dc
543 4405 718 4476 calumnia.
879 4467 881 4474 ,
1283 4404 1382 4472 aliem
1421 4405 1507 4472 velis
1538 4405 1640 4486 nolis,
1676 4408 1786 4473 iurare
1815 4409 1919 4477 debes
1943 4413 1990 4476 de
2017 4409 2108 4477 calu·

345 4521 377 4572 15
436 4509 499 4590 20)
540 4531 612 4572 narra
634 4512 665 4572 t.
687 4485 715 4572 al
738 4516 757 4572 i.
782 4513 812 4571 d.
833 4511 1007 4590 approbari.
1023 4505 1065 4572 G.
1094 4544 1134 4555 -
1162 4505 1217 4572 Al.
1285 4507 1411 4588 amnia,
1450 4527 1518 4572 nou
1545 4517 1654 4572 tumen
1683 4511 1968 4578 condemnaberis.
2011 4513 2110 4589 Quod

395 4629 492 4675 „nem
505 4608 537 4674 h.
552 4631 583 4674 a.
598 4611 618 4674 i.
635 4610 664 4673 d.
679 4609 844 4692 probari.”
864 4608 901 4675 B.
923 4646 966 4658 -
988 4627 1075 4672 „non
1097 4608 1217 4673 debeat
1285 4621 1341 4674 „et
1355 4609 1384 4674 si
1399 4609 1568 4674 convictus
1577 4626 1688 4690 esses,
1707 4614 1795 4698 quod
1810 4633 1852 4680 ex
1867 4612 1922 4678 tuli
1936 4632 2040 4679 causa
2050 4615 2108 4678 mi-

396 4711 448 4777 „in
463 4731 494 4774 a.
511 4709 531 4774 i.
547 4710 751 4792 reprobari?
763 4709 802 4778 P.
1287 4711 1589 4792 supramissa,
1620 4731 1687 4777 non
1707 4714 1784 4780 ideo
1801 4713 2108 4780 condemnaberis.”

436 4813 495 4895 21)
538 4808 735 4875 (libamus.
752 4810 857 4876 tit.5l.
1288 4809 1535 4894 (Clmcliorem
1552 4812 1744 4881 maenadi
1766 4812 2108 4900 2510000610-
2168 4847 2171 4852 ·

436 4914 495 4997 22)
538 4921 613 4976 tuuc
627 4936 687 4976 am.
703 4921 761 4976 oct.
777 4919 835 4993 ips.
850 4920 927 4978 aare.
940 4913 979 4980 P.
995 4911 1034 4979 G.
1054 4949 1106 4974 .-
1136 4914 1219 4999 nipe.
1288 4915 1388 4978 rciur.
1410 4922 1516 4996 propt
1536 4913 1598 4980 cal.
1615 4917 1645 4980 d.
1664 4915 1695 4994 2,
1710 4913 1762 4978 59.
1778 4915 1812 4978 iu
1831 4936 1863 4981 v.
1879 4918 1928 4982 rei
1943 4912 2109 5002 qualitas.)

345 5041 379 5092 2⁰
398 5017 487 5082 „iure
504 5035 565 5081 am.
581 5014 663 5079 act‘’
676 5012 714 5077 B.
1289 5015 1389 5078 „item
1404 5014 1433 5079 si
1448 5015 1537 5080 cessi
1553 5029 1585 5082 et
1601 5015 1755 5082 mandavi
1776 5017 1835 5082 tibi
1848 5021 1918 5094 ius,
1948 5016 2037 5102 quod
2051 5015 2109 5081 bu-

436 5117 495 5200 rs)
539 5113 590 5184 or.
608 5115 713 5180 on...
735 5116 777 5180 aa
800 5114 821 5180 1.
836 5116 866 5181 e.
883 5114 959 5203 §.a
976 5115 1056 5181 oon.
1076 5118 1119 5184 ue
1133 5117 1220 5184 rure·
1288 5115 1476 5182 „reuma
1489 5113 1814 5199 innocontiam,
1828 5101 2122 5202 nortmania&

396 5223 457 5286 iur.
472 5230 578 5304 propt.
594 5215 657 5284 cal.
673 5217 705 5282 d.
720 5217 752 5298 2,
762 5215 820 5281 aa.
834 5219 867 5284 in
881 5239 911 5281 v.
927 5217 1032 5283 cadat.
1289 5220 1528 5286 „iuramentum
1549 5215 1752 5298 calumniae,
1781 5219 1811 5283 si
1832 5217 2002 5286 veritatem
2022 5220 2112 5288 scire
