4782 5960
314 666 315 672 η
390 557 455 629 316
738 655 742 662 ι
1164 559 1349 630 Excursus.

346 805 350 812 »
396 747 431 824 d.
446 749 472 822 l.
486 749 530 822 ad
546 746 1077 850 peremtorium.68.¹³)-Cur
1098 762 1215 823 autern
1242 750 1354 824 actori
1381 747 1518 824 absenti
1544 752 1651 825 citato
1677 763 1903 850 praestantur
1929 749 2117 850 ampliores

398 852 574 946 induciae,
601 880 705 953 quam
732 878 816 947 reo,
844 855 988 948 triginta
1015 853 1088 925 dics
1115 853 1262 946 scilicet,
1290 879 1369 925 cuna
1396 856 1513 951 potins
1541 866 1663 927 contra
1688 855 1848 928 videatur
1871 855 1947 926 lieri
1974 852 2118 946 debere,

399 968 439 1028 ut
463 956 544 1049 big.
569 955 614 1027 de
640 981 713 1051 reg.
740 952 963 1049 iar.50,17.
990 955 1015 1027 l.
1041 981 1114 1028 non
1140 953 1255 1028 debet.
1273 952 1355 1049 db,
1395 957 1601 1053 pracsertim
1627 982 1708 1029 cunr
1739 957 1784 1029 ad
1817 957 1931 1028 minus
1959 966 2120 1028 actor.et

399 1082 484 1131 rcus
517 1057 562 1128 ad
587 1058 685 1155 paria
718 1059 796 1128 iura
830 1059 950 1130 vocari
982 1056 1161 1130 debeant?
1213 1055 1444 1154 Respondeat
1469 1071 1603 1156 quanto
1629 1060 1709 1156 quis
1736 1058 1861 1131 durius
1887 1058 2033 1157 punitur
2056 1082 2122 1154 per

367 1160 514 1254 aleges,
541 1170 641 1231 tanto
672 1159 810 1233 facilius
842 1161 876 1232 ei
909 1157 1116 1232 subvenitur
1141 1169 1177 1231 ct
1203 1159 1319 1230 mitius
1346 1185 1426 1231 cunr
1452 1184 1494 1232 eo
1524 1161 1651 1254 agitur,
1683 1173 1871 1259 antequam
1893 1160 2121 1257 perveniatur

399 1261 446 1338 ad
469 1286 639 1359 poenam,
673 1274 713 1335 ut
738 1262 907 1354 evitetur,
942 1287 986 1334 ne
1011 1262 1049 1332 in
1082 1284 1233 1360 poenam
1261 1260 1403 1334 incidat.
1454 1263 1580 1360 ltaque
1605 1288 1667 1334 reo
1693 1263 1947 1335 contumaciter
1975 1258 2122 1334 absente

400 1363 591 1436 mittendus
619 1375 673 1436 est
698 1375 798 1437 actor
821 1364 859 1434 in
884 1360 1060 1437 bonorum
1087 1363 1349 1462 possessionem
1375 1389 1481 1434 cansa
1508 1365 1559 1436 rci
1584 1364 1798 1460 servandae,
1840 1375 1881 1436 at
1907 1363 1938 1435 si
1964 1389 2044 1435 reus
2069 1365 2121 1433 in·

400 1477 455 1537 tra
481 1490 610 1538 annum
639 1467 777 1558 veniat,
803 1468 972 1564 praestita
998 1467 1162 1540 cautione
1184 1465 1331 1562 recipiat
1355 1467 1642 1563 possessionem
1672 1467 1701 1538 si
1728 1491 1819 1562 non,
1846 1465 1997 1540 efficitur
2024 1474 2124 1538 actor

401 1567 562 1640 dominns
596 1568 649 1639 rei
683 1592 728 1641 ex
759 1568 916 1641 secundo
950 1567 1114 1660 decreto,
1158 1579 1336 1640 reservata
1369 1580 1504 1641 tantum
1535 1570 1567 1640 ei
1592 1570 1797 1668 quaestione
1822 1567 1867 1641 de
1892 1567 2122 1668 proprietate.

354 1682 387 1734 ¹⁰
403 1673 517 1758 Actor
542 1696 628 1743 vcro
654 1671 685 1740 si
710 1668 802 1740 intra
827 1695 957 1742 annum
983 1695 1055 1743 non
1081 1670 1239 1761 venerit,
1282 1695 1395 1770 neque
1423 1669 1564 1742 auditur
1591 1695 1703 1769 super
1727 1673 1973 1769 possessione,
2010 1692 2125 1767 neque

403 1795 510 1891 saajacr
536 1773 776 1870 proprietate3
800 1783 836 1842 et
861 1773 910 1844 itu
934 1773 1073 1866 gravius
1104 1772 1250 1871 punitur
1269 1772 1334 1866 ¹⁴)3
1365 1771 1518 1844 undeet
1543 1771 1679 1866 largius
1704 1775 1737 1846 ei
1763 1771 1972 1848 subvenitur
2000 1768 2047 1842 ab
2072 1772 2124 1841 in·

403 1875 466 1945 itro
493 1899 559 1971 per
585 1875 736 1946 maiores
763 1872 932 1946 inducias.
1010 1874 1198 1948 Praeterea
1226 1871 1263 1953 bi
1290 1874 1433 1967 triginta
1460 1872 1536 1947 dies
1562 1899 1635 1948 non
1657 1886 1743 1948 sunt
1769 1875 1927 1950 induciae
1951 1871 2124 1946 delibera·

404 1975 523 2069 tionis,
551 2002 640 2074 quse
663 1977 774 2049 actori
800 1977 973 2073 praestari
999 2002 1071 2049 non
1100 1971 1252 2071 debent3
1279 1973 1400 2050 debuit
1425 1975 1518 2050 enim
1543 1971 1636 2050 bene
1661 2001 1782 2052 secum
1807 1975 2037 2070 deliberasse,
2063 1999 2124 2045 an·

404 2090 546 2176 tequam
569 2077 677 2152 aliurn
699 2079 736 2149 in
761 2102 901 2151 causam
929 2077 1095 2152 traheret.

449 2328 509 2404 13)
551 2329 625 2396 Vrd.
640 2348 713 2417 seq.
727 2328 752 2397 1.
766 2349 829 2416 per
842 2329 1061 2398 intervallum.
1075 2332 1129 2401 69.
1300 2342 1334 2400 et
1347 2333 1390 2399 ad
1404 2331 1489 2398 Noa.
1506 2331 1578 2400 na.
1594 2351 1625 2399 c.
1639 2329 1671 2401 3.
1686 2351 1738 2418 pr.
1761 2336 1795 2400 in
1812 2353 1844 2399 v.
1861 2330 2023 2400 cautione.
2039 2347 2125 2399 vers.

448 2432 506 2515 ld)
549 2430 602 2498 Gi.
620 2433 724 2497 Gloar.
749 2432 793 2498 ad
813 2430 838 2499 L
861 2430 960 2498 Antb.
985 2434 1040 2522 qui
1059 2434 1176 2504 semel.
1198 2435 1232 2502 in
1300 2435 1363 2504 sed
1378 2436 1454 2503 dico
1468 2435 1614 2521 mauri.

358 2541 364 2554 “
405 2557 437 2602 v.
452 2532 564 2602 locum
577 2533 687 2602 habet
704 2551 784 2600 vers
805 2533 869 2601 sed
883 2535 914 2601 si
927 2555 1008 2603 reus
1023 2547 1076 2604 est
1095 2537 1231 2605 absens.
1273 2593 1275 2602 ,

1065 2797 1458 2822 ψ
