4786 5962
1953 617 1994 661 at·

270 781 459 855 secundam
486 782 533 854 ita
562 781 760 874 enucleavi,
784 765 785 770 ἵ
806 793 846 853 ut
876 783 905 852 si
933 807 1039 880 quam
1073 783 1214 876 genuini
1249 795 1434 856 contextus
1470 784 1678 882 particulam
1704 785 1740 855 in
1769 786 1856 882 ipsis
1883 785 1990 860 rebus

268 901 459 974 tractandis
482 904 556 973 sive
573 912 724 994 auctam,
753 903 826 974 sive
850 903 1078 994 imminutam,
1106 904 1181 974 sive
1208 901 1278 972 alio
1306 901 1410 974 modo
1434 915 1604 975 mutatam
1633 905 1835 1004 reperirem,
1863 903 1991 980 haecce

268 1022 382 1093 omnia
405 1022 441 1091 in
467 1019 753 1093 adnotationibus
780 1033 1156 1118 commemorarentur3
1188 1033 1325 1094 ceterae
1353 1032 1467 1094 autem
1496 1021 1686 1095 verborum
1712 1026 1988 1118 immutationes,

266 1166 428 1212 necnon
454 1141 563 1212 verba
589 1167 631 1213 ex
658 1137 797 1234 legibus
824 1150 932 1238 atque
958 1140 1118 1237 capitulis
1133 1142 1344 1237 transcripta
1368 1151 1403 1212 et
1428 1165 1528 1214 casus
1550 1143 1630 1214 inde
1647 1145 1778 1214 enotati
1804 1145 1987 1218 maximam

265 1258 404 1356 quidem
420 1270 556 1356 partem
570 1261 835 1350 omitterentur,
860 1257 923 1330 sed
937 1260 1021 1329 etin
1036 1258 1090 1330 bis
1108 1260 1279 1334 nonnulla
1302 1271 1528 1332 servarentur
1550 1263 1626 1333 sive
1647 1285 1711 1358 per
1731 1263 1832 1356 signa
1856 1261 1988 1334 indica·

265 1367 465 1481 renturil),
491 1403 582 1476 qnae
610 1377 667 1452 vel
693 1377 807 1478 aliqua
835 1379 969 1448 ratione
994 1391 1188 1452 memoratu
1206 1377 1312 1473 digna
1327 1377 1383 1450 vel
1407 1403 1482 1451 eam
1509 1380 1634 1452 saltem
1662 1379 1709 1452 ob
1737 1405 1877 1452 causam
1903 1383 1987 1454 reti·

265 1497 378 1569 nenda
405 1509 536 1590 essent,
562 1522 607 1570 ne
630 1499 728 1595 quis,
755 1496 887 1569 latente
915 1498 1050 1590 integra
1078 1498 1255 1570 dictorum
1280 1499 1407 1591 forma,
1434 1500 1470 1568 in
1497 1522 1653 1571 errorem
1682 1498 1986 1597 adducereturi‘2).

217 1649 220 1664 .
265 1617 339 1688 Nec
366 1618 455 1687 ta'cui
478 1617 687 1710 insigniores
718 1617 908 1687 lectionum
935 1619 1132 1690 varietates.
1156 1657 1207 1670 —-
1234 1619 1325 1688 Tum
1352 1643 1396 1688 ex
1422 1615 1620 1712 codicibus,
1654 1616 1917 1690 Bartholomaei
1945 1619 1985 1689 li-

265 1733 366 1806 brum
392 1733 659 1827 exhibentibus,
687 1759 744 1827 ea,
778 1737 929 1834 quaein
955 1732 1247 1829 allegationibus,
1286 1747 1427 1834 praeter
1456 1737 1606 1808 sormam
1633 1748 1801 1810 mutatam
1819 1728 1893 1838 ⁶³),
1931 1735 1987 1808 vel

264 1857 392 1926 omissa
417 1853 475 1926 vel
502 1854 619 1927 addita
646 1845 751 1946 sunt,
793 1879 858 1926 nec
892 1879 964 1925 non
998 1854 1063 1924 alia
1097 1879 1297 1952 perpauca,
1344 1881 1434 1954 qnae
1461 1854 1770 1930 bartholomaeum
1805 1867 1985 1928 auctorem

263 1974 395 2047 babent
411 1971 483 2070 ⁰⁴),
510 1975 799 2068 commemoravi3
824 1972 979 2071 reliquas
1007 1996 1091 2043 vero
1120 1973 1341 2066 singulorum
1367 1974 1555 2047 verborum
1584 1976 1817 2067 mutationes,
1844 1976 1985 2074 quaein

263 2122 333 2168 uno
366 2105 500 2166 tantum
535 2093 690 2165 alterove
724 2091 816 2164 libro
853 2093 1090 2190 manuscripto
1122 2092 1288 2186 leguntur
1329 2093 1365 2164 ei
1403 2093 1499 2164 nulla
1529 2095 1665 2166 ratione
1698 2105 1819 2165 notatu
1856 2094 1983 2186 dignae

265 2223 367 2305 sunt,
408 2212 618 2284 omittendas
651 2237 730 2283 esse
766 2212 858 2283 duxi.
883 2251 933 2269 -
985 2213 1041 2282 Er
1077 2211 1207 2304 glossis
1243 2211 1410 2310 denique,
1455 2211 1499 2282 ad
1538 2201 1676 2309 spurias
1714 2212 1983 2284 reformationes

263 2333 490 2429 conscriptis,
528 2333 735 2424 insigniores
763 2343 898 2403 tantum
931 2330 1029 2402 locos
1056 2329 1227 2413 desumsi,
1263 2332 1325 2429 qui
1354 2331 1399 2401 ad
1425 2357 1500 2404 rem
1521 2332 1734 2404 iudiciariam
1760 2341 1923 2430 spectant
1949 2341 1985 2404 ct

265 2453 380 2549 aliqua
405 2450 529 2522 saltem
551 2451 688 2522 ratione
714 2450 876 2522 servandi
902 2475 980 2522 esse
1008 2448 1216 2520 videbantur
1232 2449 1294 2546 ⁶⁵).

348 2567 634 2641 'Transeundum
661 2581 714 2640 est
740 2569 783 2639 ad
809 2568 905 2640 Pillii
931 2579 1038 2667 atque
1066 2570 1208 2640 Gratiae
1235 2567 1362 2664 libros,
1389 2593 1479 2666 quos
1504 2569 1582 2640 ideo
1607 2567 1786 2640 addendos
1810 2589 1888 2640 esse
1913 2591 1982 2663 pus

263 2691 347 2780 tavi,
376 2689 457 2786 quia
476 2679 682 2758 Tancrcdus
710 2689 745 2758 in
773 2686 847 2781 bis,
877 2713 968 2786 quae
995 2713 1038 2760 ex
1064 2687 1158 2758 civili
1184 2689 1258 2758 iure
1284 2687 1466 2760 desumere
1491 2690 1703 2781 instituerat,
1730 2687 1825 2759 Pillii
1852 2682 1981 2756 librum

261 2809 481 2907 potissimum
507 2805 735 2900 seccessit),
777 2807 896 2878 Gratia
923 2832 1008 2880 vero
1038 2832 1099 2899 ca,
1140 2829 1232 2904 quae
1257 2807 1464 2878 'l'ancredus
1493 2807 1703 2899 tradiderat,
1743 2833 1783 2878 se
1810 2785 1980 2903 quodcum

261 2927 365 2998 modo
392 2925 638 3024 suppleturum
664 2926 849 3024 professus
876 2937 930 2997 est
943 2923 1003 3024 ⁶⁷).

361 3045 486 3116 Pillius
518 3043 851 3136 Medieiuenststss),
890 3033 1113 3144 Odericoii)
1156 3053 1193 3114 et
1224 3041 1381 3116 lobaune
1412 3042 1646 3142 liassiano⁷⁰l
1688 3039 1978 3144 praeceptoribus

259 3188 361 3256 usus,
388 3166 424 3233 in
446 3163 549 3234 civile
576 3164 628 3234 ius
655 3164 875 3260 potissimum
903 3160 1077 3254 incubuit,
1102 3160 1213 3233 sedin
1228 3159 1438 3260 explicando
1458 3162 1664 3240 iudiciorum
1680 3163 1804 3236 ordine
1820 3159 1977 3236 canonici

257 3569 366 3636 multis
394 3569 587 3634 testimoniis
618 3568 841 3652 cornprobavi.
884 3567 920 3632 ln
958 3565 1081 3632 ceteris
1149 3567 1355 3650 sequendum
1373 3583 1451 3632 esse
1467 3575 1569 3632 ratus.

257 3691 338 3737 vero
348 3673 588 3754 partitionibus,
604 3689 688 3754 quas
704 3668 820 3756 §orum
835 3669 941 3754 signis
955 3670 1081 3746 notavi,
1190 3667 1250 3748 aa)
1294 3665 1345 3732 Cs.
1360 3689 1435 3752 sup.
1451 3679 1514 3736 not
1530 3669 1589 3738 45.

258 3794 299 3839 ea
321 3774 525 3857 potissimum
548 3772 712 3851 membra,
742 3791 828 3856 qnae
855 3774 886 3836 in
911 3769 1079 3854 prioribus
1188 3767 1247 3852 65)
1291 3767 1433 3836 Servata
1448 3771 1522 3836 eod.
1538 3771 1654 3838 llamb.
1670 3772 1829 3852 lectione,
1853 3768 1973 3854 paucis

258 3879 399 3941 omnium
434 3872 508 3939 sere
544 3871 710 3948 titulorum
746 3873 858 3938 verbis
887 3881 1079 3936 enumerata
1145 3878 1270 3936 tantum
1284 3869 1367 3936 locis
1384 3872 1634 3938 emendationes
1649 3875 1780 3940 additae
1795 3881 1882 3937 sunt.

260 3989 348 4056 sunt,
377 3977 551 4062 sequenda
566 3987 599 4040 et
612 3975 779 4040 servanda
794 3995 872 4040 esse
887 3973 1009 4058 putavi.
1026 3969 1078 4038 Cf.
1188 3971 1246 4054 66)
1290 3969 1364 4036 Vid.
1380 3994 1456 4058 pag.
1470 3971 1522 4038 89.
1539 3994 1629 4040 vers.
1643 3973 1674 4040 8.
1691 3991 1724 4040 et
1739 3995 1833 4062 seqq.
1927 4037 1934 4042 ,
1994 3991 2003 4000 ·

258 4093 334 4157 pag.
348 4078 421 4142 262.
435 4099 525 4144 vers.
547 4078 595 4143 10.
1187 4072 1247 4155 67)
1293 4071 1365 4138 Vid.
1383 4093 1461 4159 pag.
1478 4073 1550 4142 320.
1569 4095 1657 4154 vers.
1672 4077 1723 4143 26.
1739 4087 1773 4141 et
1786 4095 1883 4162 seqq.

301 4173 359 4255 61)
402 4178 595 4264 Cisiguor.
614 4177 950 4262 explicat.v.„ud.”
1187 4173 1245 4256 68)
1291 4171 1553 4257 caesarum
1579 4177 1620 4242 (ι’.
1646 4180 1903 4242 a.1t.1t.e.M.
1933 4173 1969 4240 Τ.

300 4273 359 4358 62)
401 4277 476 4344 ldeo
503 4293 536 4350 et
558 4285 591 4347 in
618 4277 838 4374 decretalibus
861 4278 1076 4362 insigniendis
1145 4277 1175 4339 t.
1192 4295 1269 4359 pag.
1283 4275 1357 4344 268.
1374 4287 1407 4342 et
1421 4297 1516 4364 seqq.
1534 4315 1575 4328 -
1594 4280 1646 4344 ed.
1660 4279 1691 4344 9.
1707 4279 1744 4344 Τ.
1760 4279 1791 4344 3.
1806 4298 1880 4363 pag.
1893 4275 1967 4341 333.

258 4386 408 4462 quartam
431 4379 656 4448 collectionem
673 4387 704 4448 in
716 4379 949 4446 reformatione
964 4379 1077 4461 priori,
1187 4377 1246 4460 69)
1290 4374 1342 4442 Cf.
1366 4401 1393 4444 r.
1415 4381 1562 4462 Saripng.
1589 4379 1611 4446 l.
1632 4379 1656 4446 l.
1688 4381 1726 4446 T.
1740 4390 1770 4448 t.
1801 4399 1868 4466 pag
1893 4377 1968 4446 208.

258 4477 325 4560 (el.
362 4498 436 4562 sup.
471 4483 614 4564 pagtt.
648 4505 738 4550 vers.
754 4484 808 4565 3.)
838 4481 1077 4567 Gregoriauam
1142 4476 1216 4548 aba.

257 4581 291 4644 iu
324 4580 499 4665 posteriori
529 4581 589 4663 (ci.
619 4605 691 4669 sup.
717 4605 795 4670 pag.
812 4583 892 4648 thl.
921 4603 1011 4650 vers.
1026 4583 1075 4665 2.)
1186 4578 1244 4662 70)
1287 4580 1362 4646 Vid.
1378 4602 1454 4666 pag.
1469 4581 1519 4650 34.
1535 4602 1625 4651 vers.
1643 4591 1669 4650 t.
1711 4583 1834 4647 Noster
1851 4583 1965 4666 inpri-

256 4681 331 4747 loco
347 4681 538 4766 antiquioris
551 4680 678 4748 formae
701 4698 792 4751 recte
809 4685 968 4772 allegatas
983 4703 1074 4764 esse,
1142 4699 1197 4748 ma
1217 4681 1290 4748 libri
1311 4695 1406 4766 parte
1426 4683 1581 4752 lobannis
1604 4687 1706 4752 verba
1733 4684 1766 4748 in
1788 4683 1877 4750 banc
1897 4706 1967 4750 mo-

255 4783 372 4869 paucis
400 4792 522 4848 tantum
550 4781 635 4850 locis
665 4788 851 4866 expressim
877 4805 1073 4855 commemo·
1143 4785 1220 4850 dum
1236 4795 1372 4852 secutus
1388 4797 1458 4866 est,
1488 4798 1522 4852 ut
1543 4805 1653 4869 pauca
1673 4795 1796 4850 tantam
1818 4797 1966 4852 mutaret.

255 4886 337 4952 ravi.
1143 4884 1201 4968 (ci.
1218 4907 1292 4970 pag.
1308 4895 1420 4954 anot.
1437 4890 1504 4968 tt.)
1540 4887 1662 4953 Verum
1678 4888 1811 4955 etiama
1828 4887 1965 4954 t’laeeu·

296 4986 354 5070 63)
396 4983 472 5050 Vid.
498 5007 573 5074 sup.
589 5005 664 5072 pag.
679 4983 735 5050 Xl.
753 4995 879 5056 verat.
928 4987 1074 5056 Mutatus
1141 4989 1208 5070 tino
1230 5008 1297 5054 raon
1319 4989 1426 5055 solum
1448 4987 1514 5053 alia
1537 4987 1725 5072 complura,
1755 4991 1818 5056 sed
1838 5000 1964 5075 etquo-

254 5087 350 5156 huius
368 5085 496 5154 formae
511 5109 649 5174 perraro
664 5087 860 5154 mentionem
874 5088 957 5170 feei,
987 5092 1075 5158 idem
1143 5090 1317 5155 dammodo
1337 5089 1546 5156 Prudentiam
1569 5091 1650 5156 iuris
1675 5112 1839 5176 personae
1862 5095 1965 5158 instar

254 5189 379 5256 seilicet
403 5189 594 5269 consilium,
625 5190 666 5254 de
688 5209 753 5276 quo
775 5189 808 5253 in
831 5192 950 5256 ceteris
970 5191 1073 5257 relor-
1140 5190 1329 5278 loquentem
1345 5201 1509 5256 mutuatus
1531 5211 1610 5258 esse
1624 5194 1762 5260 videtur.
1788 5191 1838 5258 Cl.
1854 5217 1878 5256 a.
1895 5195 1962 5258 Sa-

252 5291 449 5358 mationibus
464 5294 562 5359 modo
578 5291 696 5360 dictum
713 5303 781 5374 est,
811 5293 908 5358 etiam
922 5289 985 5356 hoc
999 5290 1073 5356 loco
1141 5301 1241 5376 ripam.
1257 5291 1279 5358 l.
1294 5293 1314 5360 l.
1335 5293 1372 5360 Τ.
1387 5301 1417 5362 4.
1434 5311 1510 5379 pag.
1526 5301 1598 5364 445.
