4800 5954
377 566 440 635 loo
962 557 1128 628 'laucredi
1158 559 1227 627 ord
1255 559 1419 628 iudiciorii
1444 559 1520 626 Pa.

379 755 589 858 quandoque
615 777 634 824 a
661 750 819 864 diversis.
872 752 956 841 Quis
984 748 1074 823 ordo
1106 749 1141 820 io
1167 751 1216 822 eis
1250 750 1491 850 proponendis
1523 760 1560 821 et
1584 749 1776 823 tractandis
1802 751 1935 822 servari
1960 747 2103 845 debeat,

296 861 611 1066 §.Lvldeagus-Et
634 953 775 1054 quidem
801 956 833 1025 si
858 951 903 1024 ab
930 979 1000 1026 una
1033 966 1134 1054 parte
1168 953 1291 1050 plures
1326 952 1445 1026 civiles
1474 954 1698 1051 quaestiones
1722 966 1993 1052 proponuntur,
2024 967 2105 1052 pot·

382 1077 449 1156 est,
477 1061 538 1159 qui
565 1083 622 1133 eas
649 1057 839 1156 proponit,
866 1081 972 1156 quam
1002 1057 1155 1130 voluerit
1178 1056 1424 1153 praemittere,
1451 1068 1488 1128 et
1504 1058 1535 1149 2)
1563 1081 1683 1128 omues
1709 1057 1815 1128 simul
1843 1068 2014 1149 tractore,
2040 1057 2106 1128 nisi

272 1155 275 1166 ⁸
348 1170 415 1238 ain
443 1175 598 1263 quatuor
622 1157 777 1231 casibus.
1645 1247 1649 1254 Ι

482 1266 621 1338 Primus
649 1273 723 1353 est,
759 1261 788 1330 si
815 1267 898 1328 sunt
924 1261 1139 1352 contrariae,
1169 1260 1335 1357 quoniam
1361 1259 1536 1332 contraria
1558 1271 1682 1359 petens
1709 1285 1781 1332 uou
1807 1259 1964 1353 auditur,
1996 1271 2036 1331 nt
2053 1261 2101 1332 x.

381 1367 417 1440 5.
445 1368 489 1441 de
514 1364 643 1462 appell.
658 1362 696 1456 2,
711 1358 770 1432 19.
796 1385 826 1430 c.
854 1358 1140 1432 sollicitudinem.
1157 1357 1216 1432 1⁹2.
1244 1362 1280 1432 iu
1300 1361 1325 1431 1.
1345 1359 1376 1460 3)
1409 1363 1456 1432 X.
1472 1359 1510 1433 5.
1536 1373 1577 1434 ut
1594 1359 1714 1435 benef.
1735 1361 1857 1434 eccles.
1870 1362 1937 1434 siu.
1950 1360 2106 1434 diminut.

381 1469 420 1561 5,
438 1467 500 1541 10.
529 1493 558 1540 e.
588 1477 627 1536 ut
653 1475 825 1536 nostrum.
846 1460 934 1559 (uo.)
961 1474 996 1536 et
1018 1465 1109 1535 oisc
1125 1459 1187 1534 71.
1215 1487 1245 1534 e.
1270 1463 1430 1556 gestat.
1448 1463 1503 1563 4);
1528 1475 1614 1536 tunc
1642 1465 1734 1536 enim
1758 1464 1884 1557 eligat,
1911 1489 2018 1562 qoam
2044 1490 2107 1536 vo·

381 1573 508 1663 luerit,
535 1579 571 1640 et
594 1567 692 1664 prius
718 1565 815 1636 illam
843 1574 979 1634 tractet.
1007 1576 1047 1636 nt
1075 1562 1161 1638 Cod.
1187 1563 1233 1636 de
1257 1565 1341 1638 furt.
1359 1563 1449 1660 list.
1478 1562 1551 1638 1.1.
1570 1565 1602 1663 5)
1634 1577 1670 1638 et
1693 1567 1783 1639 cod.
1804 1567 1835 1637 si
1863 1591 1956 1638 serv.
1983 1577 2105 1639 extero

334 1703 365 1752 10
384 1699 421 1746 se
450 1669 564 1744 mand.
591 1667 726 1740 emend.
743 1663 782 1758 1,
796 1663 859 1736 56.
882 1665 906 1736 l.
935 1691 994 1738 un.
1013 1664 1045 1765 θ)

486 1770 669 1845 Secundus
697 1779 770 1860 est,
798 1769 828 1838 si
857 1766 937 1860 illa,
966 1793 1057 1868 quoe
1081 1769 1195 1865 primo
1220 1769 1454 1867 proponitur,
1488 1768 1620 1866 pendet
1646 1795 1688 1842 ex
1715 1769 1845 1860 altera,
1870 1793 1963 1867 quac
1980 1780 2106 1866 postea

383 1875 536 1976 proponi
562 1871 799 1965 desideratur,
826 1879 865 1940 ut
888 1895 981 1964 eece,
1007 1869 1132 1969 aliquis
1159 1883 1336 1968 tamquam
1364 1869 1466 1943 heres
1494 1872 1583 1968 petit
1608 1870 1764 1943 debitum
1791 1869 2038 1944 hereditarium
2058 1872 2104 1959 7),

382 1973 792 2152 ltlttlltl‘t‘le
820 1972 1292 2146 tttl.lttte'.⁰¹.l⁰2.⁵
1327 1972 1989 2147 titillet?illailla.tt
1998 1970 2104 2146 ..ll

335 2187 430 2259 roim
456 2178 601 2254 condico
633 2124 773 2246 fruclus
800 2177 899 2266 cios,
946 2201 987 2247 ac
1013 2178 1044 2247 si
1071 2125 1202 2247 landus
1230 2099 1333 2247 cssel)
1352 2202 1468 2269 meus,
1501 2176 1658 2273 repellor
1684 2174 1729 2247 ab
1756 2175 1821 2249 hac
1846 2175 2020 2267 secunda,
2064 2185 2105 2245 ut

383 2285 464 2378 llig.
488 2281 533 2354 de
558 2289 696 2376 except.
709 2275 775 2369 11,
798 2274 831 2346 1.
858 2275 884 2346 l.
910 2278 1019 2348 luodi.
1036 2274 1117 2374 18.;
1152 2279 1267 2375 primo
1304 2279 1395 2349 enim
1429 2277 1536 2350 debet
1574 2289 1735 2351 constare
1758 2278 1881 2371 dere,
1918 2290 1955 2350 et
1981 2289 2105 2375 postca

382 2386 428 2458 de
470 2380 740 2556 cipcumstaotiis
787 2380 861 2450 eius
896 2382 1028 2478 quaeri.
1065 2405 1140 2475 urg.
1178 2379 1223 2450 X.
1241 2377 1278 2450 2.
1322 2379 1366 2452 de
1401 2380 1526 2453 eccles.
1559 2376 1798 2473 aedil-Uli.
1827 2406 1857 2452 e.
1890 2378 1936 2450 ud
1963 2378 2104 2452 audieu-

386 2490 480 2560 tianr.
525 2485 568 2553 .⁸

487 2481 631 2658 Tertius
658 2607 761 2654 casus
789 2594 861 2674 est,
906 2609 984 2654 cum
1010 2581 1167 2654 secunda
1193 2594 1249 2656 est
1276 2583 1531 2680 praeiudicialis
1559 2583 1707 2681 primae,
1747 2594 1853 2680 puta,
1895 2579 2105 2680 petebama

336 2715 368 2765 ao
387 2706 421 2765 te
449 2686 595 2760 fundum
621 2686 821 2775 Titianum,
864 2710 968 2781 quem
994 2696 1034 2755 tu
1065 2683 1224 2781 possides
1253 2697 1288 2756 et
1316 2709 1423 2778 negas
1450 2712 1587 2779 meum,
1630 2686 1892 2785 etpetoviam
1918 2684 2103 2782 adipsum

387 2819 449 2892 per
474 2786 621 2862 l'uodum
648 2786 960 2883 Sempronianum,
988 2787 1049 2884 qui
1077 2797 1160 2857 tuus
1188 2796 1261 2880 est3
1293 2811 1365 2858 nou
1390 2811 1465 2858 sum
1491 2787 1683 2860 audiendus
1712 2789 1749 2859 io
1774 2785 1839 2860 hae
1865 2784 2018 2861 secunda
2043 2811 2105 2883 pe·

386 2896 527 2982 titione,
571 2889 656 2988 qnia
688 2887 901 2985 praeiudicat
931 2887 1087 2984 primae,
1133 2898 1174 2958 ut
1197 2889 1278 2981 llig.
1306 2889 1351 2962 (lc
1386 2899 1524 2987 except.
1542 2887 1608 2982 11,
1625 2887 1658 2961 1.
1684 2889 1709 2960 l.
1737 2889 1886 2960 fundum
1913 2889 2104 2960 Titianum.

387 2993 468 3089 itt,
501 2991 576 3083 vel,
610 2992 642 3060 si
667 2988 805 3062 vindico
831 3000 913 3061 ate
941 2988 1094 3088 aliquem
1120 2987 1270 3060 landum
1296 3002 1332 3063 et
1358 2990 1461 3062 velim
1493 2992 1629 3063 interim
1657 3016 1760 3084 agere
1785 3002 1901 3063 tecum
1930 2991 2104 3062 communi

386 3093 580 3168 dividundo
607 3118 674 3190 pro
702 3091 842 3184 eodem,
875 3115 1051 3164 nonaum
1077 3090 1293 3186 audiendus,
1325 3093 1407 3191 quia
1432 3118 1497 3190 per
1522 3092 1612 3166 hane
1636 3092 1936 3191 praeiudicaretur
1961 3093 2104 3189 primae.

337 3214 370 3266 25
386 3211 426 3271 ut
451 3199 530 3289 llig.
556 3220 587 3268 e.
602 3193 667 3288 11,
685 3190 719 3265 1.
746 3191 771 3264 l.
797 3191 906 3262 fundi.
923 3186 985 3261 l8.

489 3301 646 3387 Quartus
677 3307 753 3387 est,
798 3292 938 3392 quando
968 3293 1058 3366 tales
1085 3307 1166 3368 sunt
1190 3297 1345 3369 actiones
1379 3299 1602 3396 propositae,
1640 3295 1734 3395 quod
1763 3320 1831 3368 uua
1866 3295 2006 3370 tollitur
2032 3293 2100 3367 ele·

428 3652 468 3728 2)
512 3660 551 3714 et.
567 3685 606 3698 -
620 3649 673 3715 111.
690 3649 763 3714 11.
780 3647 886 3715 „aut”
1279 3653 1386 3718 auium
1401 3661 1433 3716 et
1447 3649 1536 3716 illam
1550 3651 1724 3735 pecuniam
1740 3651 1925 3729 condicere,
1942 3669 1985 3714 au
2000 3667 2101 3736 agere

428 3753 465 3836 3)
508 3774 536 3818 o.
551 3751 604 3817 54.
617 3751 660 3815 Χ.
677 3749 715 3815 G·
733 3769 763 3812 e.
777 3759 799 3813 t.
814 3750 847 3828 8,
862 3747 916 3814 18.
937 3749 1049 3815 lnuoo.
1066 3748 1095 3815 3.
1217 3805 1220 3812 .
1279 3753 1445 3818 amandati
1460 3756 1592 3818 actione
1607 3754 1743 3818 directa.
1766 3752 1835 3818 Sed
1847 3769 2025 3835 ponamus,
2039 3752 2102 3816 iste

428 3857 466 3939 4)
509 3859 549 3919 Χ.
571 3864 607 3918 ut
620 3857 716 3936 benef.
733 3855 803 3914 eccl·
826 3875 852 3912 ε·
871 3855 940 3912 dim.
958 3873 982 3913 ο·
999 3859 1037 3914 ut
1055 3859 1150 3916 ποεῖν.
1169 3858 1209 3929 (c.
1281 3854 1456 3921 »convenit
1467 3851 1698 3937 Sempronium
1713 3854 1841 3920 actione
1856 3853 2017 3928 mandatia
2032 3861 2102 3935 pot-

384 3978 442 4021 uo.
471 3957 512 4022 X.
531 3954 568 4020 G.
586 3974 616 4020 e.
632 3965 651 4020 t
666 3951 699 4034 3,
716 3951 766 4016 11.
794 3951 906 4016 lunoo.
927 3949 959 4018 3.
989 3950 1041 4017 01.
1059 3952 1162 4017 eroes.
1177 3953 1213 4019 in
1281 3967 1397 4021 „estne
1413 3957 1591 4021 convenire
1607 3975 1682 4020 eum
1697 3956 1825 4022 actione
1840 3953 1939 4020 surtil
1964 3955 2102 4030 Dicitur,

355 4077 371 4126 5
388 4079 418 4122 v.
434 4057 731 4136 contrarietatem.)
751 4064 783 4116 et
798 4057 880 4117 Birt.
898 4059 953 4118 74.
974 4079 1000 4118 e.
1020 4062 1118 4132 pecta.
1143 4054 1212 4135 (01.
1281 4059 1390 4145 „qood
1405 4076 1489 4135 uon3
1518 4068 1552 4122 et
1566 4069 1618 4122 est
1632 4058 1731 4137 ratio,
1754 4060 1831 4142 quio
1845 4057 1927 4122 ioris
1940 4060 2022 4122 ratio
2036 4075 2102 4120 non

389 4159 494 4223 (ἔωσε.
518 4161 550 4224 tn
572 4181 603 4224 v.
627 4175 713 4245 quae
738 4159 938 4241 tamquam.)
967 4151 1020 4220 111.
1038 4155 1112 4220 18.
1128 4175 1212 4232 om.;
1280 4158 1459 4244 repostulat,
1496 4169 1533 4224 ut
1560 4157 1711 4244 allegans
1746 4162 1912 4224 contraria
1940 4159 2101 4234 audiatur,

387 4262 449 4326 sed
471 4270 605 4327 servata
625 4267 702 4325 sant
722 4260 755 4322 iu
769 4261 904 4322 Duroot
924 4280 970 4339 ap.
1001 4257 1077 4322 Vid.
1099 4269 1165 4323 not.
1180 4257 1212 4323 9.
1281 4264 1378 4346 „quia
1414 4261 1546 4346 agendo
1583 4261 1711 4324 actione
1746 4260 1890 4324 mandati
1927 4261 2102 4344 approbat,

388 4363 430 4430 ad
447 4362 476 4426 lr.
491 4373 514 4426 t.
545 4415 548 4423 .
1281 4363 1389 4448 „quod
1411 4361 1535 4428 iactum
1555 4356 1616 4426 luit
1630 4379 1652 4425 a
1665 4361 1792 4436 ser-visa
1821 4361 1952 4445 agendo
1974 4365 2102 4426 actiooe

429 4463 467 4546 5)
511 4461 561 4530 01.
577 4463 682 4528 Gtou.
709 4464 743 4526 in
763 4481 794 4526 v.
816 4472 1101 4546 comparaverunt.
1124 4471 1157 4527 et
1178 4461 1212 4526 in
1281 4462 1378 4528 „forti
1396 4465 1461 4529 iam
1476 4462 1649 4547 reprobam
1675 4461 1750 4528 ideo
1768 4481 1834 4529 noo
1854 4464 1952 4529 debet
1966 4463 2101 4527 audiri?

341 4584 371 4635 ro
388 4587 418 4630 v.
435 4565 541 4631 bonae
556 4564 634 4630 fidei
652 4571 866 4629 contractum.
1322 4564 1362 4640 6)
1408 4567 1479 4628 Gad.
1504 4571 1535 4627 ai
1553 4586 1631 4626 aere.
1651 4571 1706 4626 ete.
1726 4569 1746 4626 t.
1769 4585 1825 4628 uo.
1856 4561 1931 4641 (01.
1949 4565 2101 4628 Glaucia

475 4667 579 4730 Gtom.
599 4668 632 4729 Τ.
657 4663 800 4730 „Casus
828 4663 934 4730 'littus
961 4661 1077 4746 plures
1099 4661 1213 4728 habuit
1280 4685 1311 4730 v.
1328 4666 1512 4730 conuarias
1526 4665 1702 4748 actiones.)
1717 4663 1805 4730 1111
1830 4665 1863 4730 1.
1877 4683 1956 4739 οιιι.;
1973 4666 2034 4731 sed
2047 4683 2100 4727 re·

329 4795 332 4803 ⁴
387 4787 547 4845 „servom
578 4768 631 4834 isti
661 4767 750 4832 servi
778 4765 1017 4832 mandaverunt
1045 4764 1212 4850 quandam
1280 4777 1359 4832 tent.
1373 4769 1406 4832 io
1422 4771 1553 4830 noram.
1568 4787 1615 4846 sp.
1639 4767 1712 4832 vio.
1728 4765 1840 4831 nott).
1855 4763 1947 4829 adh.
1962 4776 1983 4829 t.
2125 4813 2129 4820 .

389 4869 570 4955 „pecuniae
584 4867 746 4936 summam
763 4866 978 4950 Sempronio,
1006 4875 1042 4930 ut
1056 4864 1211 4949 Sempro·
1324 4870 1360 4951 7)
1402 4870 1515 4949 utiquo
1540 4876 1629 4951 tooaq.
1649 4873 1741 4930 tem
1759 4911 1793 4930 ..
1811 4869 2039 4932 tumtunm.
2058 4899 2100 4912 -

390 4975 483 5037 »rrius
499 4971 666 5057 quoddam
680 4979 805 5036 emeret
818 4969 1010 5052 praedicata
1038 4970 1101 5032 iste
1116 4965 1210 5033 Seor-
1279 4969 1339 5034 Ed.
1356 4966 1385 5032 3.
1415 4965 1555 5054 „uliquis
1582 4968 1684 5035 ireres
1709 4967 1875 5036 institutus
1896 4967 1978 5050 petit
1997 4983 2100 5047 pecu·

343 5101 372 5148 15
390 5073 545 5160 ”pronius
573 5070 660 5136 male
691 5071 874 5136 consumsit
901 5069 998 5133 istam
1019 5070 1211 5151 pecuniam
1281 5070 1386 5134 „niem
1401 5069 1463 5134 sibi
1478 5081 1670 5136 atestutore
1684 5069 1857 5136 debitam?

392 5174 547 5254 sdicitur,
577 5171 667 5258 quod
680 5170 784 5237 Titius
803 5180 913 5257 potest
930 5167 1072 5254 eligere,
1102 5182 1210 5236 utrum
1321 5169 1358 5252 8)
1402 5191 1431 5236 e.
1446 5170 1477 5236 5.
1502 5171 1545 5236 X.
1561 5168 1603 5234 G.
1624 5189 1655 5236 e.
1679 5170 1752 5252 td,
1767 5170 1818 5238 48.
1848 5169 1971 5234 Urban.
1985 5166 2017 5233 3.
2047 5168 2099 5234 01.

388 5276 488 5342 ‚velit
502 5294 604 5361 agere
623 5273 757 5338 actione
777 5271 854 5338 furti
874 5273 1039 5338 adversos
1053 5270 1210 5356 Sempro·
1281 5272 1387 5336 Gloas.
1404 5272 1438 5338 iu
1451 5291 1484 5338 v.
1498 5291 1563 5336 ooo
1578 5291 1768 5357 possumus.
