<?xml version="1.0" encoding="UTF-8"?>
<!DOCTYPE html PUBLIC "-//W3C//DTD XHTML 1.0 Transitional//EN"
    "http://www.w3.org/TR/xhtml1/DTD/xhtml1-transitional.dtd">
<html xmlns="http://www.w3.org/1999/xhtml" xml:lang="en" lang="en">
 <head>
  <title>
</title>
<meta http-equiv="Content-Type" content="text/html;charset=utf-8" />
  <meta name='ocr-system' content='tesseract 3.04.00' />
  <meta name='ocr-capabilities' content='ocr_page ocr_carea ocr_par ocr_line ocrx_word'/>
</head>
<body>
  <div class='ocr_page' id='page_1' title='image "./piliitancredigr00aretgoog_0030.png"; bbox 0 0 4786 5962; ppageno 0'>
   <div class='ocr_carea' id='block_1_1' title="bbox 784 1459 1531 1569">
    <p class='ocr_par' dir='ltr' id='par_1_1' title="bbox 772 1424 1531 1569">
     <span class='ocr_line' id='line_1_1' title="bbox 784 1459 1531 1569; baseline -0.001 -23.016"><span class='ocrx_word' id='word_1_1' title='bbox 784 1462 876 1569; x_wconf 76' lang='lat' dir='ltr'><strong>Dc</strong></span> <span class='ocrx_word' id='word_1_2' title='bbox 904 1459 1103 1548; x_wconf 81' lang='lat' dir='ltr'><strong>ordine</strong></span> <span class='ocrx_word' id='word_1_3' title='bbox 1131 1459 1483 1546; x_wconf 85' lang='lat' dir='ltr'><strong>iudiciorum.</strong></span> <span class='ocrx_word' id='word_1_4' title='bbox 1504 1466 1531 1529; x_wconf 78' lang='lat'><strong>¹)</strong></span> 
     </span>
    </p>
   </div>
   <div class='ocr_carea' id='block_1_2' title="bbox 298 1667 2063 3496">
    <p class='ocr_par' dir='ltr' id='par_1_2' title="bbox 401 1667 2010 1766">
     <span class='ocr_line' id='line_1_2' title="bbox 401 1667 2010 1766; baseline 0.001 -24"><span class='ocrx_word' id='word_1_5' title='bbox 401 1671 570 1744; x_wconf 84' lang='lat' dir='ltr'><strong>invocato</strong></span> <span class='ocrx_word' id='word_1_6' title='bbox 608 1669 740 1742; x_wconf 86' lang='lat' dir='ltr'><strong>Christi</strong></span> <span class='ocrx_word' id='word_1_7' title='bbox 781 1670 923 1743; x_wconf 87' lang='lat' dir='ltr'><strong>nomine</strong></span> <span class='ocrx_word' id='word_1_8' title='bbox 941 1673 972 1762; x_wconf 89' lang='lat'><strong>²)</strong></span> <span class='ocrx_word' id='word_1_9' title='bbox 1009 1695 1084 1742; x_wconf 91' lang='lat' dir='ltr'><strong>rem</strong></span> <span class='ocrx_word' id='word_1_10' title='bbox 1124 1667 1312 1763; x_wconf 84' lang='lat' dir='ltr'><strong>aggredior</strong></span> <span class='ocrx_word' id='word_1_11' title='bbox 1353 1667 1616 1760; x_wconf 82' lang='lat' dir='ltr'><strong>difficillimam,</strong></span> <span class='ocrx_word' id='word_1_12' title='bbox 1660 1667 1742 1741; x_wconf 84' lang='lat' dir='ltr'><strong>licet</strong></span> <span class='ocrx_word' id='word_1_13' title='bbox 1782 1670 2010 1766; x_wconf 78' lang='lat' dir='ltr'><strong>utilissimam,</strong></span> 
     </span>
    </p>

    <p class='ocr_par' dir='ltr' id='par_1_3' title="bbox 298 1769 2063 3292">
     <span class='ocr_line' id='line_1_3' title="bbox 300 1769 2010 1867; baseline 0.002 -26"><span class='ocrx_word' id='word_1_14' title='bbox 300 1797 370 1842; x_wconf 91' lang='lat' dir='ltr'><strong>non</strong></span> <span class='ocrx_word' id='word_1_15' title='bbox 395 1795 622 1867; x_wconf 80' lang='lat' dir='ltr'><strong>praesumens</strong></span> <span class='ocrx_word' id='word_1_16' title='bbox 654 1771 701 1844; x_wconf 87' lang='lat' dir='ltr'><strong>de</strong></span> <span class='ocrx_word' id='word_1_17' title='bbox 726 1771 890 1844; x_wconf 76' lang='lat' dir='ltr'><strong>scientiae</strong></span> <span class='ocrx_word' id='word_1_18' title='bbox 914 1769 1097 1863; x_wconf 63' lang='lat' dir='ltr'><strong>modulo,</strong></span> <span class='ocrx_word' id='word_1_19' title='bbox 1116 1769 1180 1843; x_wconf 88' lang='lat' dir='ltr'><strong>sed</strong></span> <span class='ocrx_word' id='word_1_20' title='bbox 1212 1770 1395 1843; x_wconf 75' lang='lat' dir='ltr'><strong>dumtaxat</strong></span> <span class='ocrx_word' id='word_1_21' title='bbox 1421 1771 1465 1844; x_wconf 90' lang='lat' dir='ltr'><strong>de</strong></span> <span class='ocrx_word' id='word_1_22' title='bbox 1493 1771 1750 1867; x_wconf 75' lang='lat' dir='ltr'><strong>omnipotentis</strong></span> <span class='ocrx_word' id='word_1_23' title='bbox 1777 1773 1925 1865; x_wconf 83' lang='lat' dir='ltr'><strong>auxilio,</strong></span> <span class='ocrx_word' id='word_1_24' title='bbox 1959 1785 2010 1866; x_wconf 92' lang='lat' dir='ltr'><strong>ut,</strong></span> 
     </span>
     <span class='ocr_line' id='line_1_4' title="bbox 301 1870 2013 1970; baseline 0.002 -27"><span class='ocrx_word' id='word_1_25' title='bbox 301 1870 362 1943; x_wconf 90' lang='lat' dir='ltr'><strong>ubi</strong></span> <span class='ocrx_word' id='word_1_26' title='bbox 387 1872 526 1946; x_wconf 84' lang='lat' dir='ltr'><strong>deficiat</strong></span> <span class='ocrx_word' id='word_1_27' title='bbox 558 1899 704 1965; x_wconf 89' lang='lat' dir='ltr'><strong>sensus,</strong></span> <span class='ocrx_word' id='word_1_28' title='bbox 743 1873 910 1970; x_wconf 86' lang='lat' dir='ltr'><strong>suppleat</strong></span> <span class='ocrx_word' id='word_1_29' title='bbox 940 1872 1000 1945; x_wconf 90' lang='lat' dir='ltr'><strong>illc</strong></span> <span class='ocrx_word' id='word_1_30' title='bbox 1034 1898 1191 1945; x_wconf 87' lang='lat' dir='ltr'><strong>summus</strong></span> <span class='ocrx_word' id='word_1_31' title='bbox 1228 1884 1263 1945; x_wconf 88' lang='lat' dir='ltr'><strong>ct</strong></span> <span class='ocrx_word' id='word_1_32' title='bbox 1296 1871 1477 1970; x_wconf 83' lang='lat' dir='ltr'><strong>perfectus</strong></span> <span class='ocrx_word' id='word_1_33' title='bbox 1502 1873 1693 1965; x_wconf 81' lang='lat' dir='ltr'><strong>Dominus,</strong></span> <span class='ocrx_word' id='word_1_34' title='bbox 1739 1875 1837 1945; x_wconf 85' lang='lat' dir='ltr'><strong>cuius</strong></span> <span class='ocrx_word' id='word_1_35' title='bbox 1863 1875 2013 1947; x_wconf 90' lang='lat' dir='ltr'><strong>consilio</strong></span> 
     </span>
     <span class='ocr_line' id='line_1_5' title="bbox 299 1973 2014 2074; baseline 0.002 -29"><span class='ocrx_word' id='word_1_36' title='bbox 299 1975 412 2046; x_wconf 87' lang='lat' dir='ltr'><strong>l&#39;retus</strong></span> <span class='ocrx_word' id='word_1_37' title='bbox 447 1978 574 2048; x_wconf 80' lang='lat' dir='ltr'><strong>assisto</strong></span> <span class='ocrx_word' id='word_1_38' title='bbox 608 1975 781 2047; x_wconf 86' lang='lat' dir='ltr'><strong>sollicitus</strong></span> <span class='ocrx_word' id='word_1_39' title='bbox 815 1976 918 2046; x_wconf 90' lang='lat' dir='ltr'><strong>istius</strong></span> <span class='ocrx_word' id='word_1_40' title='bbox 953 1975 1118 2072; x_wconf 85' lang='lat' dir='ltr'><strong>opusculi</strong></span> <span class='ocrx_word' id='word_1_41' title='bbox 1152 1975 1289 2046; x_wconf 89' lang='lat' dir='ltr'><strong>ianuam</strong></span> <span class='ocrx_word' id='word_1_42' title='bbox 1321 1985 1418 2045; x_wconf 90' lang='lat' dir='ltr'><strong>tactu</strong></span> <span class='ocrx_word' id='word_1_43' title='bbox 1450 1973 1596 2072; x_wconf 89' lang='lat' dir='ltr'><strong>pulsare</strong></span> <span class='ocrx_word' id='word_1_44' title='bbox 1625 1974 1802 2047; x_wconf 86' lang='lat' dir='ltr'><strong>levissimo</strong></span> <span class='ocrx_word' id='word_1_45' title='bbox 1821 1973 1854 2074; x_wconf 75' lang='lat'><strong>³)</strong></span> <span class='ocrx_word' id='word_1_46' title='bbox 1880 1987 1915 2048; x_wconf 91' lang='lat' dir='ltr'><strong>et</strong></span> <span class='ocrx_word' id='word_1_47' title='bbox 1948 2003 2014 2073; x_wconf 87' lang='lat' dir='ltr'><strong>per</strong></span> 
     </span>
     <span class='ocr_line' id='line_1_6' title="bbox 301 2073 2045 2177; baseline -0.001 -29"><span class='ocrx_word' id='word_1_48' title='bbox 301 2101 379 2148; x_wconf 91' lang='lat' dir='ltr'><strong>eam</strong></span> <span class='ocrx_word' id='word_1_49' title='bbox 405 2075 639 2149; x_wconf 86' lang='lat' dir='ltr'><strong>laudabilibus</strong></span> <span class='ocrx_word' id='word_1_50' title='bbox 668 2087 704 2150; x_wconf 87' lang='lat' dir='ltr'><strong>et</strong></span> <span class='ocrx_word' id='word_1_51' title='bbox 729 2074 909 2170; x_wconf 78' lang='lat' dir='ltr'><strong>honestis,</strong></span> <span class='ocrx_word' id='word_1_52' title='bbox 943 2077 1114 2170; x_wconf 81' lang='lat' dir='ltr'><strong>largiente</strong></span> <span class='ocrx_word' id='word_1_53' title='bbox 1139 2075 1311 2169; x_wconf 81' lang='lat' dir='ltr'><strong>Domino,</strong></span> <span class='ocrx_word' id='word_1_54' title='bbox 1351 2073 1531 2168; x_wconf 76' lang='lat' dir='ltr'><strong>gressibus</strong></span> <span class='ocrx_word' id='word_1_55' title='bbox 1565 2078 1730 2169; x_wconf 89' lang='lat' dir='ltr'><strong>introire,</strong></span> <span class='ocrx_word' id='word_1_56' title='bbox 1773 2086 1814 2147; x_wconf 92' lang='lat' dir='ltr'><strong>ut</strong></span> <span class='ocrx_word' id='word_1_57' title='bbox 1840 2080 2045 2177; x_wconf 82' lang='lat' dir='ltr'><strong>requisitos</strong></span> 
     </span>
     <span class='ocr_line' id='line_1_7' title="bbox 300 2173 2013 2279; baseline 0.001 -31"><span class='ocrx_word' id='word_1_58' title='bbox 300 2183 336 2248; x_wconf 77' lang='lat' dir='ltr'><strong>et</strong></span> <span class='ocrx_word' id='word_1_59' title='bbox 362 2179 504 2251; x_wconf 91' lang='lat' dir='ltr'><strong>invento</strong></span> <span class='ocrx_word' id='word_1_60' title='bbox 530 2177 600 2271; x_wconf 93' lang='lat' dir='ltr'><strong>ibi,</strong></span> <span class='ocrx_word' id='word_1_61' title='bbox 639 2177 734 2276; x_wconf 89' lang='lat' dir='ltr'><strong>quod</strong></span> <span class='ocrx_word' id='word_1_62' title='bbox 767 2179 930 2276; x_wconf 90' lang='lat' dir='ltr'><strong>poscitur</strong></span> <span class='ocrx_word' id='word_1_63' title='bbox 946 2177 1001 2276; x_wconf 80' lang='lat'><strong>⁴),</strong></span> <span class='ocrx_word' id='word_1_64' title='bbox 1035 2179 1096 2279; x_wconf 88' lang='lat' dir='ltr'><strong>qui</strong></span> <span class='ocrx_word' id='word_1_65' title='bbox 1130 2178 1286 2277; x_wconf 89' lang='lat' dir='ltr'><strong>quaerit,</strong></span> <span class='ocrx_word' id='word_1_66' title='bbox 1323 2177 1436 2248; x_wconf 82' lang='lat' dir='ltr'><strong>valeat</strong></span> <span class='ocrx_word' id='word_1_67' title='bbox 1466 2201 1509 2248; x_wconf 85' lang='lat' dir='ltr'><strong>co</strong></span> <span class='ocrx_word' id='word_1_68' title='bbox 1534 2173 1664 2247; x_wconf 89' lang='lat' dir='ltr'><strong>diutius</strong></span> <span class='ocrx_word' id='word_1_69' title='bbox 1689 2179 1872 2274; x_wconf 90' lang='lat' dir='ltr'><strong>perpotiri.</strong></span> <span class='ocrx_word' id='word_1_70' title='bbox 1923 2181 2013 2250; x_wconf 79' lang='lat' dir='ltr'><strong>Nam</strong></span> 
     </span>
     <span class='ocr_line' id='line_1_8' title="bbox 300 2275 2013 2379; baseline 0.003 -31"><span class='ocrx_word' id='word_1_71' title='bbox 300 2277 463 2353; x_wconf 89' lang='lat' dir='ltr'><strong>inductus</strong></span> <span class='ocrx_word' id='word_1_72' title='bbox 483 2279 514 2378; x_wconf 84' lang='grc'><strong>5)</strong></span> <span class='ocrx_word' id='word_1_73' title='bbox 543 2279 708 2379; x_wconf 84' lang='lat' dir='ltr'><strong>precibus</strong></span> <span class='ocrx_word' id='word_1_74' title='bbox 733 2278 912 2354; x_wconf 88' lang='lat' dir='ltr'><strong>cuiusdam</strong></span> <span class='ocrx_word' id='word_1_75' title='bbox 933 2280 1039 2352; x_wconf 84' lang='lat' dir='ltr'><strong>valde</strong></span> <span class='ocrx_word' id='word_1_76' title='bbox 1065 2280 1233 2352; x_wconf 82' lang='lat' dir='ltr'><strong>carissimi</strong></span> <span class='ocrx_word' id='word_1_77' title='bbox 1260 2277 1455 2374; x_wconf 86' lang='lat' dir='ltr'><strong>compellor</strong></span> <span class='ocrx_word' id='word_1_78' title='bbox 1479 2275 1639 2350; x_wconf 90' lang='lat' dir='ltr'><strong>libellum</strong></span> <span class='ocrx_word' id='word_1_79' title='bbox 1671 2277 1715 2350; x_wconf 91' lang='lat' dir='ltr'><strong>de</strong></span> <span class='ocrx_word' id='word_1_80' title='bbox 1742 2279 1845 2373; x_wconf 85' lang='lat' dir='ltr'><strong>legali</strong></span> <span class='ocrx_word' id='word_1_81' title='bbox 1871 2293 1907 2351; x_wconf 90' lang='lat' dir='ltr'><strong>et</strong></span> <span class='ocrx_word' id='word_1_82' title='bbox 1929 2305 2013 2353; x_wconf 93' lang='lat' dir='ltr'><strong>con·</strong></span> 
     </span>
     <span class='ocr_line' id='line_1_9' title="bbox 301 2378 2012 2478; baseline 0.001 -28"><span class='ocrx_word' id='word_1_83' title='bbox 301 2394 404 2453; x_wconf 90' lang='lat' dir='ltr'><strong>sueto</strong></span> <span class='ocrx_word' id='word_1_84' title='bbox 433 2381 555 2454; x_wconf 86' lang='lat' dir='ltr'><strong>ordine</strong></span> <span class='ocrx_word' id='word_1_85' title='bbox 581 2382 789 2454; x_wconf 90' lang='lat' dir='ltr'><strong>iudiciorum</strong></span> <span class='ocrx_word' id='word_1_86' title='bbox 816 2381 969 2455; x_wconf 86' lang='lat' dir='ltr'><strong>civilium</strong></span> <span class='ocrx_word' id='word_1_87' title='bbox 995 2395 1101 2478; x_wconf 89' lang='lat' dir='ltr'><strong>atquc</strong></span> <span class='ocrx_word' id='word_1_88' title='bbox 1125 2403 1307 2452; x_wconf 88' lang='lat' dir='ltr'><strong>causarum</strong></span> <span class='ocrx_word' id='word_1_89' title='bbox 1324 2378 1355 2476; x_wconf 79' lang='grc' dir='ltr'><strong>θ)</strong></span> <span class='ocrx_word' id='word_1_90' title='bbox 1383 2404 1605 2477; x_wconf 84' lang='lat' dir='ltr'><strong>componere,</strong></span> <span class='ocrx_word' id='word_1_91' title='bbox 1633 2405 1705 2476; x_wconf 87' lang='lat' dir='ltr'><strong>quo</strong></span> <span class='ocrx_word' id='word_1_92' title='bbox 1732 2393 1832 2453; x_wconf 90' lang='lat' dir='ltr'><strong>actor</strong></span> <span class='ocrx_word' id='word_1_93' title='bbox 1845 2379 1889 2451; x_wconf 92' lang='lat' dir='ltr'><strong>ad</strong></span> <span class='ocrx_word' id='word_1_94' title='bbox 1908 2406 2012 2476; x_wconf 90' lang='lat' dir='ltr'><strong>agen·</strong></span> 
     </span>
     <span class='ocr_line' id='line_1_10' title="bbox 299 2480 2013 2581; baseline 0.001 -28"><span class='ocrx_word' id='word_1_95' title='bbox 299 2482 405 2575; x_wconf 92' lang='lat' dir='ltr'><strong>dum,</strong></span> <span class='ocrx_word' id='word_1_96' title='bbox 441 2508 522 2555; x_wconf 86' lang='lat' dir='ltr'><strong>reus</strong></span> <span class='ocrx_word' id='word_1_97' title='bbox 556 2483 599 2555; x_wconf 91' lang='lat' dir='ltr'><strong>ad</strong></span> <span class='ocrx_word' id='word_1_98' title='bbox 634 2481 939 2581; x_wconf 87' lang='lat' dir='ltr'><strong>respondendnm,</strong></span> <span class='ocrx_word' id='word_1_99' title='bbox 974 2495 1010 2555; x_wconf 87' lang='lat' dir='ltr'><strong>et</strong></span> <span class='ocrx_word' id='word_1_100' title='bbox 1042 2483 1146 2555; x_wconf 84' lang='lat' dir='ltr'><strong>iudex</strong></span> <span class='ocrx_word' id='word_1_101' title='bbox 1177 2480 1221 2552; x_wconf 89' lang='lat' dir='ltr'><strong>ad</strong></span> <span class='ocrx_word' id='word_1_102' title='bbox 1254 2481 1557 2579; x_wconf 90' lang='lat' dir='ltr'><strong>pronunciandum</strong></span> <span class='ocrx_word' id='word_1_103' title='bbox 1590 2483 1714 2551; x_wconf 90' lang='lat' dir='ltr'><strong>instrui</strong></span> <span class='ocrx_word' id='word_1_104' title='bbox 1746 2494 1854 2579; x_wconf 89' lang='lat' dir='ltr'><strong>queat</strong></span> <span class='ocrx_word' id='word_1_105' title='bbox 1882 2481 2013 2570; x_wconf 88' lang='lat' dir='ltr'><strong>plenis·</strong></span> 
     </span>
     <span class='ocr_line' id='line_1_11' title="bbox 300 2581 2063 2683; baseline 0.001 -29"><span class='ocrx_word' id='word_1_106' title='bbox 300 2586 407 2677; x_wconf 89' lang='lat' dir='ltr'><strong>sime,</strong></span> <span class='ocrx_word' id='word_1_107' title='bbox 448 2609 494 2657; x_wconf 89' lang='lat' dir='ltr'><strong>nc</strong></span> <span class='ocrx_word' id='word_1_108' title='bbox 519 2583 677 2657; x_wconf 87' lang='lat' dir='ltr'><strong>homines</strong></span> <span class='ocrx_word' id='word_1_109' title='bbox 706 2587 857 2683; x_wconf 88' lang='lat' dir='ltr'><strong>passim,</strong></span> <span class='ocrx_word' id='word_1_110' title='bbox 893 2598 929 2657; x_wconf 90' lang='lat' dir='ltr'><strong>et</strong></span> <span class='ocrx_word' id='word_1_111' title='bbox 947 2583 980 2682; x_wconf 79' lang='lat'><strong>⁷)</strong></span> <span class='ocrx_word' id='word_1_112' title='bbox 1014 2587 1090 2657; x_wconf 90' lang='lat' dir='ltr'><strong>sinc</strong></span> <span class='ocrx_word' id='word_1_113' title='bbox 1124 2584 1400 2657; x_wconf 82' lang='lat' dir='ltr'><strong>consideratione</strong></span> <span class='ocrx_word' id='word_1_114' title='bbox 1430 2581 1638 2654; x_wconf 90' lang='lat' dir='ltr'><strong>iudiciorum</strong></span> <span class='ocrx_word' id='word_1_115' title='bbox 1669 2581 1785 2654; x_wconf 91' lang='lat' dir='ltr'><strong>limina</strong></span> <span class='ocrx_word' id='word_1_116' title='bbox 1815 2584 2063 2677; x_wconf 77' lang='lat' dir='ltr'><strong>ingrediar-10</strong></span> 
     </span>
     <span class='ocr_line' id='line_1_12' title="bbox 300 2683 2013 2783; baseline 0.001 -26"><span class='ocrx_word' id='word_1_117' title='bbox 300 2699 380 2779; x_wconf 90' lang='lat' dir='ltr'><strong>tur,</strong></span> <span class='ocrx_word' id='word_1_118' title='bbox 422 2698 457 2760; x_wconf 89' lang='lat' dir='ltr'><strong>et</strong></span> <span class='ocrx_word' id='word_1_119' title='bbox 484 2685 529 2757; x_wconf 91' lang='lat' dir='ltr'><strong>ab</strong></span> <span class='ocrx_word' id='word_1_120' title='bbox 564 2686 619 2758; x_wconf 89' lang='lat' dir='ltr'><strong>bis</strong></span> <span class='ocrx_word' id='word_1_121' title='bbox 654 2699 839 2760; x_wconf 83' lang='lat' dir='ltr'><strong>arceantur</strong></span> <span class='ocrx_word' id='word_1_122' title='bbox 868 2688 961 2758; x_wconf 92' lang='lat' dir='ltr'><strong>inani</strong></span> <span class='ocrx_word' id='word_1_123' title='bbox 988 2686 1119 2758; x_wconf 91' lang='lat' dir='ltr'><strong>colore.</strong></span> <span class='ocrx_word' id='word_1_124' title='bbox 1171 2683 1276 2775; x_wconf 80' lang='lat' dir='ltr'><strong>Quod</strong></span> <span class='ocrx_word' id='word_1_125' title='bbox 1304 2686 1390 2783; x_wconf 87' lang='lat' dir='ltr'><strong>quia</strong></span> <span class='ocrx_word' id='word_1_126' title='bbox 1424 2683 1562 2756; x_wconf 80' lang='lat' dir='ltr'><strong>videtur</strong></span> <span class='ocrx_word' id='word_1_127' title='bbox 1591 2683 1674 2756; x_wconf 91' lang='lat' dir='ltr'><strong>mibi</strong></span> <span class='ocrx_word' id='word_1_128' title='bbox 1707 2686 1812 2778; x_wconf 89' lang='lat' dir='ltr'><strong>utile,</strong></span> <span class='ocrx_word' id='word_1_129' title='bbox 1854 2688 2013 2783; x_wconf 56' lang='lat' dir='ltr'><strong>wamiis</strong></span> 
     </span>
     <span class='ocr_line' id='line_1_13' title="bbox 298 2786 2013 2885; baseline 0 -26"><span class='ocrx_word' id='word_1_130' title='bbox 298 2787 483 2881; x_wconf 85' lang='lat' dir='ltr'><strong>dil&#39;licile,¹</strong></span> <span class='ocrx_word' id='word_1_131' title='bbox 505 2789 693 2862; x_wconf 85' lang='lat' dir='ltr'><strong>auxiliante</strong></span> <span class='ocrx_word' id='word_1_132' title='bbox 725 2787 915 2861; x_wconf 86' lang='lat' dir='ltr'><strong>Prudentia</strong></span> <span class='ocrx_word' id='word_1_133' title='bbox 949 2790 1033 2860; x_wconf 90' lang='lat' dir='ltr'><strong>iuris</strong></span> <span class='ocrx_word' id='word_1_134' title='bbox 1067 2791 1220 2885; x_wconf 85' lang='lat' dir='ltr'><strong>incipere</strong></span> <span class='ocrx_word' id='word_1_135' title='bbox 1255 2788 1391 2879; x_wconf 90' lang='lat' dir='ltr'><strong>studui,</strong></span> <span class='ocrx_word' id='word_1_136' title='bbox 1437 2787 1582 2882; x_wconf 89' lang='lat' dir='ltr'><strong>cupiens</strong></span> <span class='ocrx_word' id='word_1_137' title='bbox 1618 2786 1863 2882; x_wconf 89' lang='lat' dir='ltr'><strong>postmodum,</strong></span> <span class='ocrx_word' id='word_1_138' title='bbox 1904 2795 2013 2885; x_wconf 86' lang='lat' dir='ltr'><strong>prout</strong></span> 
     </span>
     <span class='ocr_line' id='line_1_14' title="bbox 299 2887 2012 2988; baseline 0 -28"><span class='ocrx_word' id='word_1_139' title='bbox 299 2889 451 2960; x_wconf 76' lang='lat' dir='ltr'><strong>facultas</strong></span> <span class='ocrx_word' id='word_1_140' title='bbox 485 2890 618 2984; x_wconf 87' lang='lat' dir='ltr'><strong>aderit,</strong></span> <span class='ocrx_word' id='word_1_141' title='bbox 652 2915 892 2964; x_wconf 88' lang='lat' dir='ltr'><strong>consummare</strong></span> <span class='ocrx_word' id='word_1_142' title='bbox 901 2919 912 2986; x_wconf 79' lang='lat'>3</span> <span class='ocrx_word' id='word_1_143' title='bbox 949 2916 1021 2963; x_wconf 92' lang='lat' dir='ltr'><strong>non</strong></span> <span class='ocrx_word' id='word_1_144' title='bbox 1048 2903 1089 2962; x_wconf 93' lang='lat' dir='ltr'><strong>ut</strong></span> <span class='ocrx_word' id='word_1_145' title='bbox 1113 2891 1248 2988; x_wconf 90' lang='lat' dir='ltr'><strong>possim</strong></span> <span class='ocrx_word' id='word_1_146' title='bbox 1274 2887 1390 2983; x_wconf 76' lang='lat' dir='ltr'><strong>digitis</strong></span> <span class='ocrx_word' id='word_1_147' title='bbox 1417 2888 1487 2958; x_wconf 89' lang='lat' dir='ltr'><strong>alta</strong></span> <span class='ocrx_word' id='word_1_148' title='bbox 1514 2898 1652 2984; x_wconf 89' lang='lat' dir='ltr'><strong>petere,</strong></span> <span class='ocrx_word' id='word_1_149' title='bbox 1684 2887 1747 2960; x_wconf 90' lang='lat' dir='ltr'><strong>sed</strong></span> <span class='ocrx_word' id='word_1_150' title='bbox 1772 2887 1888 2959; x_wconf 84' lang='lat' dir='ltr'><strong>intima</strong></span> <span class='ocrx_word' id='word_1_151' title='bbox 1915 2887 2012 2985; x_wconf 90' lang='lat' dir='ltr'><strong>pedi·</strong></span> 
     </span>
     <span class='ocr_line' id='line_1_15' title="bbox 298 2988 2012 3090; baseline 0 -29"><span class='ocrx_word' id='word_1_152' title='bbox 298 2988 366 3062; x_wconf 90' lang='lat' dir='ltr'><strong>bus</strong></span> <span class='ocrx_word' id='word_1_153' title='bbox 392 3003 554 3086; x_wconf 74' lang='lat' dir='ltr'><strong>magam,</strong></span> <span class='ocrx_word' id='word_1_154' title='bbox 578 3003 711 3064; x_wconf 89' lang='lat' dir='ltr'><strong>etcum</strong></span> <span class='ocrx_word' id='word_1_155' title='bbox 737 2991 876 3084; x_wconf 91' lang='lat' dir='ltr'><strong>multis,</strong></span> <span class='ocrx_word' id='word_1_156' title='bbox 904 2993 933 3063; x_wconf 91' lang='lat' dir='ltr'><strong>si</strong></span> <span class='ocrx_word' id='word_1_157' title='bbox 958 3004 1085 3090; x_wconf 90' lang='lat' dir='ltr'><strong>potero</strong></span> <span class='ocrx_word' id='word_1_158' title='bbox 1092 3042 1105 3085; x_wconf 94' lang='lat'><strong>,</strong></span> <span class='ocrx_word' id='word_1_159' title='bbox 1131 2990 1261 3062; x_wconf 88' lang='lat' dir='ltr'><strong>utiliter</strong></span> <span class='ocrx_word' id='word_1_160' title='bbox 1286 3015 1417 3088; x_wconf 89' lang='lat' dir='ltr'><strong>pascua</strong></span> <span class='ocrx_word' id='word_1_161' title='bbox 1444 3015 1620 3086; x_wconf 85' lang='lat' dir='ltr'><strong>quaeram.</strong></span> <span class='ocrx_word' id='word_1_162' title='bbox 1672 2989 1774 3062; x_wconf 88' lang='lat' dir='ltr'><strong>Unde</strong></span> <span class='ocrx_word' id='word_1_163' title='bbox 1793 3015 1882 3084; x_wconf 84' lang='lat' dir='ltr'><strong>rogo</strong></span> <span class='ocrx_word' id='word_1_164' title='bbox 1899 3001 2012 3064; x_wconf 84' lang='lat' dir='ltr'><strong>atten-</strong></span> 
     </span>
     <span class='ocr_line' id='line_1_16' title="bbox 299 3091 2062 3192; baseline -0.002 -30"><span class='ocrx_word' id='word_1_165' title='bbox 299 3092 392 3186; x_wconf 88' lang='lat' dir='ltr'><strong>tius,</strong></span> <span class='ocrx_word' id='word_1_166' title='bbox 420 3118 464 3164; x_wconf 91' lang='lat' dir='ltr'><strong>ne</strong></span> <span class='ocrx_word' id='word_1_167' title='bbox 491 3105 755 3183; x_wconf 85' lang='lat' dir='ltr'><strong>contemnatur,</strong></span> <span class='ocrx_word' id='word_1_168' title='bbox 783 3092 880 3191; x_wconf 90' lang='lat' dir='ltr'><strong>quod</strong></span> <span class='ocrx_word' id='word_1_169' title='bbox 904 3095 1070 3186; x_wconf 81' lang='lat' dir='ltr'><strong>offertur,</strong></span> <span class='ocrx_word' id='word_1_170' title='bbox 1096 3095 1189 3192; x_wconf 89' lang='lat' dir='ltr'><strong>quia,</strong></span> <span class='ocrx_word' id='word_1_171' title='bbox 1216 3092 1298 3164; x_wconf 88' lang='lat' dir='ltr'><strong>licet</strong></span> <span class='ocrx_word' id='word_1_172' title='bbox 1324 3092 1541 3190; x_wconf 83' lang='lat' dir='ltr'><strong>paupertatis</strong></span> <span class='ocrx_word' id='word_1_173' title='bbox 1567 3091 1615 3162; x_wconf 87' lang='lat' dir='ltr'><strong>sit</strong></span> <span class='ocrx_word' id='word_1_174' title='bbox 1638 3117 1787 3185; x_wconf 88' lang='lat' dir='ltr'><strong>munus,</strong></span> <span class='ocrx_word' id='word_1_175' title='bbox 1816 3102 1871 3164; x_wconf 84' lang='lat' dir='ltr'><strong>est</strong></span> <span class='ocrx_word' id='word_1_176' title='bbox 1897 3103 2012 3166; x_wconf 86' lang='lat' dir='ltr'><strong>tamen</strong></span> <span class='ocrx_word' id='word_1_177' title='bbox 2032 3111 2062 3160; x_wconf 69' lang='grc' dir='ltr'><strong>ιδ</strong></span> 
     </span>
     <span class='ocr_line' id='line_1_17' title="bbox 299 3193 1090 3292; baseline -0.003 -26"><span class='ocrx_word' id='word_1_178' title='bbox 299 3220 376 3266; x_wconf 91' lang='lat' dir='ltr'><strong>cum</strong></span> <span class='ocrx_word' id='word_1_179' title='bbox 402 3193 530 3288; x_wconf 86' lang='lat' dir='ltr'><strong>gaudio</strong></span> <span class='ocrx_word' id='word_1_180' title='bbox 556 3194 835 3292; x_wconf 84' lang='lat' dir='ltr'><strong>suscipiendum,</strong></span> <span class='ocrx_word' id='word_1_181' title='bbox 861 3195 959 3266; x_wconf 81' lang='lat' dir='ltr'><strong>iuxta</strong></span> <span class='ocrx_word' id='word_1_182' title='bbox 984 3194 1090 3265; x_wconf 90' lang='lat' dir='ltr'><strong>illud:</strong></span> 
     </span>
    </p>

    <p class='ocr_par' dir='ltr' id='par_1_4' title="bbox 547 3293 1495 3394">
     <span class='ocr_line' id='line_1_18' title="bbox 547 3293 1495 3394; baseline -0.004 -26"><span class='ocrx_word' id='word_1_183' title='bbox 547 3297 721 3389; x_wconf 86' lang='lat' dir='ltr'><strong>Exiguum</strong></span> <span class='ocrx_word' id='word_1_184' title='bbox 747 3321 874 3368; x_wconf 89' lang='lat' dir='ltr'><strong>munus</strong></span> <span class='ocrx_word' id='word_1_185' title='bbox 902 3322 980 3369; x_wconf 90' lang='lat' dir='ltr'><strong>cum</strong></span> <span class='ocrx_word' id='word_1_186' title='bbox 1009 3294 1071 3367; x_wconf 89' lang='lat' dir='ltr'><strong>dat</strong></span> <span class='ocrx_word' id='word_1_187' title='bbox 1096 3293 1159 3368; x_wconf 90' lang='lat' dir='ltr'><strong>tibi</strong></span> <span class='ocrx_word' id='word_1_188' title='bbox 1184 3320 1320 3394; x_wconf 92' lang='lat' dir='ltr'><strong>pauper</strong></span> <span class='ocrx_word' id='word_1_189' title='bbox 1348 3293 1495 3388; x_wconf 88' lang='lat' dir='ltr'><strong>amicus,</strong></span> 
     </span>
    </p>

    <p class='ocr_par' dir='ltr' id='par_1_5' title="bbox 550 3397 859 3496">
     <span class='ocr_line' id='line_1_19' title="bbox 550 3397 859 3496; baseline 0.006 -27"><span class='ocrx_word' id='word_1_190' title='bbox 550 3399 712 3496; x_wconf 78' lang='lat' dir='ltr'><strong>Accipito</strong></span> <span class='ocrx_word' id='word_1_191' title='bbox 741 3410 806 3471; x_wconf 91' lang='lat' dir='ltr'><strong>etc.</strong></span> <span class='ocrx_word' id='word_1_192' title='bbox 824 3397 859 3495; x_wconf 84' lang='lat'><strong>8)</strong></span> 
     </span>
    </p>
   </div>
   <div class='ocr_carea' id='block_1_3' title="bbox 297 3645 2115 5351">
    <p class='ocr_par' dir='ltr' id='par_1_6' title="bbox 298 3645 2044 4242">
     <span class='ocr_line' id='line_1_20' title="bbox 341 3645 2015 3734; baseline -0.002 -20"><span class='ocrx_word' id='word_1_193' title='bbox 341 3649 376 3733; x_wconf 92' lang='lat'><strong>1)</strong></span> <span class='ocrx_word' id='word_1_194' title='bbox 419 3649 458 3714; x_wconf 90' lang='grc' dir='ltr'><strong>Β.</strong></span> <span class='ocrx_word' id='word_1_195' title='bbox 473 3653 571 3715; x_wconf 89' lang='lat' dir='ltr'><strong>inscr.</strong></span> <span class='ocrx_word' id='word_1_196' title='bbox 601 3649 678 3729; x_wconf 89' lang='lat' dir='ltr'><strong>,‚De</strong></span> <span class='ocrx_word' id='word_1_197' title='bbox 692 3651 808 3715; x_wconf 89' lang='lat' dir='ltr'><strong>ordine</strong></span> <span class='ocrx_word' id='word_1_198' title='bbox 823 3650 1017 3716; x_wconf 89' lang='lat' dir='ltr'><strong>iudiciorum</strong></span> <span class='ocrx_word' id='word_1_199' title='bbox 1032 3660 1065 3714; x_wconf 89' lang='lat' dir='ltr'><strong>et</strong></span> <span class='ocrx_word' id='word_1_200' title='bbox 1079 3651 1121 3714; x_wconf 89' lang='lat' dir='ltr'><strong>de</strong></span> <span class='ocrx_word' id='word_1_201' title='bbox 1231 3647 1268 3730; x_wconf 67' lang='grc' dir='ltr'><strong>Β)</strong></span> <span class='ocrx_word' id='word_1_202' title='bbox 1310 3647 1447 3714; x_wconf 87' lang='lat' dir='ltr'><strong>Haecce</strong></span> <span class='ocrx_word' id='word_1_203' title='bbox 1465 3649 1577 3734; x_wconf 87' lang='lat' dir='ltr'><strong>priora</strong></span> <span class='ocrx_word' id='word_1_204' title='bbox 1596 3657 1720 3714; x_wconf 88' lang='lat' dir='ltr'><strong>tantum</strong></span> <span class='ocrx_word' id='word_1_205' title='bbox 1738 3645 1836 3714; x_wconf 87' lang='lat' dir='ltr'><strong>buius</strong></span> <span class='ocrx_word' id='word_1_206' title='bbox 1854 3647 2015 3730; x_wconf 86' lang='lat' dir='ltr'><strong>prooemii</strong></span> 
     </span>
     <span class='ocr_line' id='line_1_21' title="bbox 298 3746 2012 3834; baseline -0.001 -19"><span class='ocrx_word' id='word_1_207' title='bbox 298 3750 425 3832; x_wconf 82' lang='lat' dir='ltr'><strong>„libelli</strong></span> <span class='ocrx_word' id='word_1_208' title='bbox 439 3749 602 3818; x_wconf 88' lang='lat' dir='ltr'><strong>oblatione</strong></span> <span class='ocrx_word' id='word_1_209' title='bbox 618 3763 651 3816; x_wconf 85' lang='lat' dir='ltr'><strong>ct</strong></span> <span class='ocrx_word' id='word_1_210' title='bbox 665 3749 901 3817; x_wconf 65' lang='lat' dir='ltr'><strong>confectione?</strong></span> <span class='ocrx_word' id='word_1_211' title='bbox 925 3749 1000 3816; x_wconf 87' lang='lat' dir='ltr'><strong>Vid.</strong></span> <span class='ocrx_word' id='word_1_212' title='bbox 1016 3762 1083 3815; x_wconf 91' lang='lat' dir='ltr'><strong>not.</strong></span> <span class='ocrx_word' id='word_1_213' title='bbox 1092 3752 1120 3815; x_wconf 94' lang='lat' dir='ltr'><strong>l.</strong></span> <span class='ocrx_word' id='word_1_214' title='bbox 1188 3751 1292 3814; x_wconf 85' lang='lat' dir='ltr'><strong>verba</strong></span> <span class='ocrx_word' id='word_1_215' title='bbox 1306 3747 1366 3832; x_wconf 79' lang='lat' dir='ltr'><strong>(ci.</strong></span> <span class='ocrx_word' id='word_1_216' title='bbox 1381 3753 1428 3816; x_wconf 85' lang='lat'><strong>10.</strong></span> <span class='ocrx_word' id='word_1_217' title='bbox 1443 3752 1545 3814; x_wconf 83' lang='lat' dir='ltr'><strong>Andr.</strong></span> <span class='ocrx_word' id='word_1_218' title='bbox 1560 3749 1581 3814; x_wconf 94' lang='lat' dir='ltr'><strong>l.</strong></span> <span class='ocrx_word' id='word_1_219' title='bbox 1595 3747 1636 3833; x_wconf 89' lang='lat' dir='ltr'><strong>l.)</strong></span> <span class='ocrx_word' id='word_1_220' title='bbox 1657 3748 1812 3834; x_wconf 82' lang='lat' dir='ltr'><strong>allegarit</strong></span> <span class='ocrx_word' id='word_1_221' title='bbox 1827 3746 1867 3813; x_wconf 89' lang='lat' dir='ltr'><strong>G.</strong></span> <span class='ocrx_word' id='word_1_222' title='bbox 1887 3750 1921 3812; x_wconf 92' lang='lat' dir='ltr'><strong>in</strong></span> <span class='ocrx_word' id='word_1_223' title='bbox 1935 3746 2012 3827; x_wconf 90' lang='lat' dir='ltr'><strong>‚‚Pi·</strong></span> 
     </span>
     <span class='ocr_line' id='line_1_22' title="bbox 298 3847 2012 3938; baseline -0.003 -22"><span class='ocrx_word' id='word_1_224' title='bbox 298 3855 342 3916; x_wconf 86' lang='lat' dir='ltr'><strong>ad</strong></span> <span class='ocrx_word' id='word_1_225' title='bbox 363 3863 446 3936; x_wconf 87' lang='lat' dir='ltr'><strong>part.</strong></span> <span class='ocrx_word' id='word_1_226' title='bbox 458 3854 487 3918; x_wconf 93' lang='lat'><strong>1.</strong></span> <span class='ocrx_word' id='word_1_227' title='bbox 502 3875 552 3938; x_wconf 90' lang='lat' dir='ltr'><strong>pr.</strong></span> <span class='ocrx_word' id='word_1_228' title='bbox 566 3889 609 3902; x_wconf 91' lang='lat'><strong>·-</strong></span> <span class='ocrx_word' id='word_1_229' title='bbox 637 3852 708 3917; x_wconf 92' lang='lat' dir='ltr'><strong>P.l.</strong></span> <span class='ocrx_word' id='word_1_230' title='bbox 733 3853 786 3936; x_wconf 82' lang='lat' dir='ltr'><strong>(ln</strong></span> <span class='ocrx_word' id='word_1_231' title='bbox 800 3852 948 3936; x_wconf 90' lang='lat' dir='ltr'><strong>nomine)</strong></span> <span class='ocrx_word' id='word_1_232' title='bbox 964 3850 1121 3934; x_wconf 88' lang='lat' dir='ltr'><strong>„Domini</strong></span> <span class='ocrx_word' id='word_1_233' title='bbox 1189 3850 1255 3931; x_wconf 87' lang='lat' dir='ltr'><strong>„lei</strong></span> <span class='ocrx_word' id='word_1_234' title='bbox 1269 3851 1355 3916; x_wconf 85' lang='lat' dir='ltr'><strong>vita”</strong></span> <span class='ocrx_word' id='word_1_235' title='bbox 1367 3869 1410 3915; x_wconf 84' lang='lat' dir='ltr'><strong>cx</strong></span> <span class='ocrx_word' id='word_1_236' title='bbox 1423 3851 1507 3917; x_wconf 89' lang='lat' dir='ltr'><strong>libro</strong></span> <span class='ocrx_word' id='word_1_237' title='bbox 1528 3851 1657 3916; x_wconf 87' lang='lat' dir='ltr'><strong>abbatis</strong></span> <span class='ocrx_word' id='word_1_238' title='bbox 1675 3847 1935 3934; x_wconf 77' lang='lat' dir='ltr'><strong>spanhemensis</strong></span> <span class='ocrx_word' id='word_1_239' title='bbox 1950 3848 2012 3930; x_wconf 85' lang='lat'><strong>(10.</strong></span> 
     </span>
     <span class='ocr_line' id='line_1_23' title="bbox 300 3948 2011 4037; baseline -0.002 -23"><span class='ocrx_word' id='word_1_240' title='bbox 300 3953 436 4037; x_wconf 86' lang='lat' dir='ltr'><strong>„incipit</strong></span> <span class='ocrx_word' id='word_1_241' title='bbox 449 3951 581 4020; x_wconf 88' lang='lat' dir='ltr'><strong>libellus</strong></span> <span class='ocrx_word' id='word_1_242' title='bbox 593 3952 690 4021; x_wconf 90' lang='lat' dir='ltr'><strong>Pillei</strong></span> <span class='ocrx_word' id='word_1_243' title='bbox 704 3954 745 4018; x_wconf 92' lang='lat' dir='ltr'><strong>de</strong></span> <span class='ocrx_word' id='word_1_244' title='bbox 757 3953 854 4020; x_wconf 88' lang='lat' dir='ltr'><strong>solito</strong></span> <span class='ocrx_word' id='word_1_245' title='bbox 870 3955 940 4018; x_wconf 92' lang='lat' dir='ltr'><strong>ord.</strong></span> <span class='ocrx_word' id='word_1_246' title='bbox 953 3953 1120 4019; x_wconf 88' lang='lat' dir='ltr'><strong>iudicior.&#39;’</strong></span> <span class='ocrx_word' id='word_1_247' title='bbox 1188 3957 1226 4016; x_wconf 81' lang='lat' dir='ltr'><strong>ds</strong></span> <span class='ocrx_word' id='word_1_248' title='bbox 1256 3955 1420 4016; x_wconf 74' lang='lat' dir='ltr'><strong>Tritteloem</strong></span> <span class='ocrx_word' id='word_1_249' title='bbox 1452 3953 1494 4017; x_wconf 88' lang='lat' dir='ltr'><strong>de</strong></span> <span class='ocrx_word' id='word_1_250' title='bbox 1523 3951 1708 4036; x_wconf 87' lang='lat' dir='ltr'><strong>scriptorib.</strong></span> <span class='ocrx_word' id='word_1_251' title='bbox 1744 3948 2011 4031; x_wconf 87' lang='lat' dir='ltr'><strong>ecclesiasticis.)</strong></span> 
     </span>
     <span class='ocr_line' id='line_1_24' title="bbox 299 4051 2044 4140; baseline -0.001 -24"><span class='ocrx_word' id='word_1_252' title='bbox 299 4085 342 4097; x_wconf 89' lang='lat'><strong>-</strong></span> <span class='ocrx_word' id='word_1_253' title='bbox 355 4053 429 4117; x_wconf 67' lang='lat' dir='ltr'><strong>Po.</strong></span> <span class='ocrx_word' id='word_1_254' title='bbox 445 4055 570 4140; x_wconf 81' lang='lat' dir='ltr'><strong>„incip</strong></span> <span class='ocrx_word' id='word_1_255' title='bbox 584 4053 797 4120; x_wconf 87' lang='lat' dir='ltr'><strong>libellusPilii</strong></span> <span class='ocrx_word' id='word_1_256' title='bbox 811 4055 854 4120; x_wconf 91' lang='lat' dir='ltr'><strong>de</strong></span> <span class='ocrx_word' id='word_1_257' title='bbox 869 4057 938 4121; x_wconf 85' lang='lat' dir='ltr'><strong>ord.</strong></span> <span class='ocrx_word' id='word_1_258' title='bbox 952 4054 1119 4120; x_wconf 86' lang='lat' dir='ltr'><strong>iudicior.”</strong></span> <span class='ocrx_word' id='word_1_259' title='bbox 1188 4054 1395 4138; x_wconf 77' lang='lat' dir='ltr'><strong>transcripte.</strong></span> <span class='ocrx_word' id='word_1_260' title='bbox 1435 4053 1546 4136; x_wconf 88' lang='lat' dir='ltr'><strong>ipsum</strong></span> <span class='ocrx_word' id='word_1_261' title='bbox 1560 4071 1641 4119; x_wconf 87' lang='lat' dir='ltr'><strong>vero</strong></span> <span class='ocrx_word' id='word_1_262' title='bbox 1654 4051 1815 4135; x_wconf 87' lang='lat' dir='ltr'><strong>prooemii</strong></span> <span class='ocrx_word' id='word_1_263' title='bbox 1828 4057 2044 4116; x_wconf 84' lang='lat' dir='ltr'><strong>contextum5</strong></span> 
     </span>
     <span class='ocr_line' id='line_1_25' title="bbox 299 4151 1955 4242; baseline -0.001 -26"><span class='ocrx_word' id='word_1_264' title='bbox 299 4185 340 4196; x_wconf 84' lang='lat'><strong>-</strong></span> <span class='ocrx_word' id='word_1_265' title='bbox 370 4151 410 4216; x_wconf 85' lang='lat' dir='ltr'><strong>G.</strong></span> <span class='ocrx_word' id='word_1_266' title='bbox 426 4155 532 4235; x_wconf 89' lang='lat' dir='ltr'><strong>„Pilei</strong></span> <span class='ocrx_word' id='word_1_267' title='bbox 546 4156 613 4222; x_wconf 84' lang='lat' dir='ltr'><strong>thi</strong></span> <span class='ocrx_word' id='word_1_268' title='bbox 629 4157 841 4223; x_wconf 80' lang='lat' dir='ltr'><strong>vemsdsstmt</strong></span> <span class='ocrx_word' id='word_1_269' title='bbox 855 4173 940 4242; x_wconf 84' lang='lat' dir='ltr'><strong>opus</strong></span> <span class='ocrx_word' id='word_1_270' title='bbox 955 4175 1017 4222; x_wconf 87' lang='lat' dir='ltr'><strong>seu</strong></span> <span class='ocrx_word' id='word_1_271' title='bbox 1037 4155 1120 4221; x_wconf 91' lang='lat' dir='ltr'><strong>ordo</strong></span> <span class='ocrx_word' id='word_1_272' title='bbox 1189 4174 1231 4220; x_wconf 85' lang='lat' dir='ltr'><strong>cx</strong></span> <span class='ocrx_word' id='word_1_273' title='bbox 1246 4155 1342 4220; x_wconf 90' lang='lat' dir='ltr'><strong>codd.</strong></span> <span class='ocrx_word' id='word_1_274' title='bbox 1357 4154 1395 4218; x_wconf 90' lang='lat' dir='ltr'><strong>P.</strong></span> <span class='ocrx_word' id='word_1_275' title='bbox 1411 4155 1511 4220; x_wconf 86' lang='lat' dir='ltr'><strong>edidit</strong></span> <span class='ocrx_word' id='word_1_276' title='bbox 1523 4175 1551 4218; x_wconf 84' lang='lat' dir='ltr'><strong>r.</strong></span> <span class='ocrx_word' id='word_1_277' title='bbox 1566 4157 1715 4236; x_wconf 58' lang='lat' dir='ltr'><strong>Samson</strong></span> <span class='ocrx_word' id='word_1_278' title='bbox 1728 4152 1751 4218; x_wconf 93' lang='lat' dir='ltr'><strong>l.</strong></span> <span class='ocrx_word' id='word_1_279' title='bbox 1765 4152 1787 4218; x_wconf 95' lang='lat' dir='ltr'><strong>l.</strong></span> <span class='ocrx_word' id='word_1_280' title='bbox 1802 4171 1877 4238; x_wconf 87' lang='lat' dir='ltr'><strong>pag.</strong></span> <span class='ocrx_word' id='word_1_281' title='bbox 1884 4151 1955 4217; x_wconf 76' lang='lat'><strong>460.</strong></span> 
     </span>
    </p>

    <p class='ocr_par' dir='ltr' id='par_1_7' title="bbox 297 4251 2115 5046">
     <span class='ocr_line' id='line_1_26' title="bbox 300 4251 2011 4344; baseline 0.001 -30"><span class='ocrx_word' id='word_1_282' title='bbox 300 4251 366 4332; x_wconf 87' lang='lat' dir='ltr'><strong>„de</strong></span> <span class='ocrx_word' id='word_1_283' title='bbox 381 4251 523 4322; x_wconf 88' lang='lat' dir='ltr'><strong>civilium</strong></span> <span class='ocrx_word' id='word_1_284' title='bbox 537 4268 634 4344; x_wconf 87' lang='lat' dir='ltr'><strong>atque</strong></span> <span class='ocrx_word' id='word_1_285' title='bbox 655 4257 870 4324; x_wconf 87' lang='lat' dir='ltr'><strong>criminalium</strong></span> <span class='ocrx_word' id='word_1_286' title='bbox 884 4277 1061 4324; x_wconf 86' lang='lat' dir='ltr'><strong>causarum</strong></span> <span class='ocrx_word' id='word_1_287' title='bbox 1075 4259 1122 4324; x_wconf 86' lang='lat' dir='ltr'><strong>iu·</strong></span> <span class='ocrx_word' id='word_1_288' title='bbox 1232 4255 1270 4339; x_wconf 82' lang='lat'><strong>3)</strong></span> <span class='ocrx_word' id='word_1_289' title='bbox 1312 4265 1396 4320; x_wconf 81' lang='lat' dir='ltr'><strong>tacto</strong></span> <span class='ocrx_word' id='word_1_290' title='bbox 1415 4259 1578 4318; x_wconf 71' lang='lat' dir='ltr'><strong>teutarius.</strong></span> <span class='ocrx_word' id='word_1_291' title='bbox 1605 4254 1643 4319; x_wconf 89' lang='lat' dir='ltr'><strong>P.</strong></span> <span class='ocrx_word' id='word_1_292' title='bbox 1653 4254 1682 4319; x_wconf 89' lang='lat'><strong>1.</strong></span> <span class='ocrx_word' id='word_1_293' title='bbox 1704 4291 1747 4302; x_wconf 88' lang='lat'>-</span> <span class='ocrx_word' id='word_1_294' title='bbox 1787 4252 1840 4319; x_wconf 87' lang='grc' dir='ltr'><strong>ΑΙ.</strong></span> <span class='ocrx_word' id='word_1_295' title='bbox 1856 4255 2011 4333; x_wconf 90' lang='lat' dir='ltr'><strong>‚‚tinctatu</strong></span> 
     </span>
     <span class='ocr_line' id='line_1_27' title="bbox 300 4352 1961 4440; baseline 0.001 -25"><span class='ocrx_word' id='word_1_296' title='bbox 300 4353 448 4434; x_wconf 85' lang='lat' dir='ltr'><strong>,‚dlciis.”</strong></span> <span class='ocrx_word' id='word_1_297' title='bbox 477 4355 565 4422; x_wconf 81' lang='lat' dir='ltr'><strong>Male</strong></span> <span class='ocrx_word' id='word_1_298' title='bbox 589 4357 621 4424; x_wconf 92' lang='lat' dir='ltr'><strong>b.</strong></span> <span class='ocrx_word' id='word_1_299' title='bbox 643 4359 662 4424; x_wconf 88' lang='lat' dir='ltr'><strong>l</strong></span> <span class='ocrx_word' id='word_1_300' title='bbox 687 4361 817 4426; x_wconf 86' lang='lat' dir='ltr'><strong>additae</strong></span> <span class='ocrx_word' id='word_1_301' title='bbox 842 4370 918 4426; x_wconf 89' lang='lat' dir='ltr'><strong>sunt</strong></span> <span class='ocrx_word' id='word_1_302' title='bbox 937 4359 1123 4425; x_wconf 85' lang='lat' dir='ltr'><strong>criminales</strong></span> <span class='ocrx_word' id='word_1_303' title='bbox 1192 4355 1414 4438; x_wconf 86' lang='lat' dir='ltr'><strong>„levissimo”</strong></span> <span class='ocrx_word' id='word_1_304' title='bbox 1441 4355 1481 4420; x_wconf 93' lang='lat' dir='ltr'><strong>P.</strong></span> <span class='ocrx_word' id='word_1_305' title='bbox 1496 4355 1525 4418; x_wconf 73' lang='lat'><strong>2.</strong></span> <span class='ocrx_word' id='word_1_306' title='bbox 1546 4391 1589 4402; x_wconf 88' lang='lat'>-</span> <span class='ocrx_word' id='word_1_307' title='bbox 1607 4365 1721 4437; x_wconf 80' lang='lat' dir='ltr'><strong>„tactu</strong></span> <span class='ocrx_word' id='word_1_308' title='bbox 1734 4353 1909 4440; x_wconf 87' lang='lat' dir='ltr'><strong>legitimo.”</strong></span> <span class='ocrx_word' id='word_1_309' title='bbox 1923 4352 1961 4416; x_wconf 92' lang='grc' dir='ltr'><strong>Β.</strong></span> 
     </span>
     <span class='ocr_line' id='line_1_28' title="bbox 299 4452 2010 4545; baseline -0.001 -26"><span class='ocrx_word' id='word_1_310' title='bbox 299 4471 424 4520; x_wconf 88' lang='lat' dir='ltr'><strong>causae</strong></span> <span class='ocrx_word' id='word_1_311' title='bbox 447 4452 1016 4542; x_wconf 57' lang='lat' dir='ltr'><strong>(circamundanum.</strong></span> <span class='ocrx_word' id='word_1_312' title='bbox 1047 4459 1121 4545; x_wconf 68' lang='lat' dir='ltr'><strong>tm.</strong></span> <span class='ocrx_word' id='word_1_313' title='bbox 1232 4457 1270 4540; x_wconf 86' lang='grc'><strong>4)</strong></span> <span class='ocrx_word' id='word_1_314' title='bbox 1311 4461 1369 4536; x_wconf 79' lang='lat' dir='ltr'><strong>r&#39;tr&#39;,</strong></span> <span class='ocrx_word' id='word_1_315' title='bbox 1385 4460 1625 4540; x_wconf 77' lang='lat' dir='ltr'><strong>quodpoarr‘tur.</strong></span> <span class='ocrx_word' id='word_1_316' title='bbox 1638 4455 1677 4522; x_wconf 88' lang='lat' dir='ltr'><strong>B.</strong></span> <span class='ocrx_word' id='word_1_317' title='bbox 1691 4455 1768 4520; x_wconf 54' lang='lat' dir='ltr'><strong>PR.</strong></span> <span class='ocrx_word' id='word_1_318' title='bbox 1783 4491 1824 4503; x_wconf 83' lang='lat'><strong>·-</strong></span> <span class='ocrx_word' id='word_1_319' title='bbox 1844 4453 1897 4518; x_wconf 86' lang='lat' dir='ltr'><strong>Al.</strong></span> <span class='ocrx_word' id='word_1_320' title='bbox 1912 4454 2010 4534; x_wconf 87' lang='lat' dir='ltr'><strong>,‚sibi‚</strong></span> 
     </span>
     <span class='ocr_line' id='line_1_29' title="bbox 299 4552 2061 4646; baseline 0.001 -26"><span class='ocrx_word' id='word_1_321' title='bbox 299 4575 377 4640; x_wconf 84' lang='lat' dir='ltr'><strong>pag.</strong></span> <span class='ocrx_word' id='word_1_322' title='bbox 384 4552 493 4636; x_wconf 61' lang='grc' dir='ltr'><strong>Μ).</strong></span> <span class='ocrx_word' id='word_1_323' title='bbox 509 4564 658 4639; x_wconf 86' lang='lat' dir='ltr'><strong>quamvis</strong></span> <span class='ocrx_word' id='word_1_324' title='bbox 674 4567 761 4628; x_wconf 89' lang='lat' dir='ltr'><strong>enim</strong></span> <span class='ocrx_word' id='word_1_325' title='bbox 776 4564 818 4628; x_wconf 89' lang='lat' dir='ltr'><strong>de</strong></span> <span class='ocrx_word' id='word_1_326' title='bbox 831 4560 884 4628; x_wconf 91' lang='lat' dir='ltr'><strong>bis</strong></span> <span class='ocrx_word' id='word_1_327' title='bbox 897 4562 932 4626; x_wconf 92' lang='lat' dir='ltr'><strong>in</strong></span> <span class='ocrx_word' id='word_1_328' title='bbox 945 4562 1020 4646; x_wconf 89' lang='lat' dir='ltr'><strong>ipso</strong></span> <span class='ocrx_word' id='word_1_329' title='bbox 1034 4557 1119 4624; x_wconf 86' lang='lat' dir='ltr'><strong>libro</strong></span> <span class='ocrx_word' id='word_1_330' title='bbox 1191 4558 1304 4643; x_wconf 61' lang='lat' dir='ltr'><strong>siquod</strong></span> <span class='ocrx_word' id='word_1_331' title='bbox 1318 4557 1454 4641; x_wconf 86' lang='lat' dir='ltr'><strong>poscit”</strong></span> <span class='ocrx_word' id='word_1_332' title='bbox 1482 4557 1518 4622; x_wconf 90' lang='lat' dir='ltr'><strong>P.</strong></span> <span class='ocrx_word' id='word_1_333' title='bbox 1530 4559 1558 4622; x_wconf 96' lang='lat' dir='ltr'><strong>l.</strong></span> <span class='ocrx_word' id='word_1_334' title='bbox 2029 4565 2061 4613; x_wconf 84' lang='lat'><strong>¹⁰</strong></span> 
     </span>
     <span class='ocr_line' id='line_1_30' title="bbox 300 4653 2011 4741; baseline 0 -20"><span class='ocrx_word' id='word_1_335' title='bbox 300 4657 427 4741; x_wconf 87' lang='lat' dir='ltr'><strong>passim</strong></span> <span class='ocrx_word' id='word_1_336' title='bbox 440 4655 650 4737; x_wconf 85' lang='lat' dir='ltr'><strong>dictumest,</strong></span> <span class='ocrx_word' id='word_1_337' title='bbox 674 4663 756 4728; x_wconf 88' lang='lat' dir='ltr'><strong>ordo</strong></span> <span class='ocrx_word' id='word_1_338' title='bbox 776 4675 886 4728; x_wconf 83' lang='lat' dir='ltr'><strong>tamen</strong></span> <span class='ocrx_word' id='word_1_339' title='bbox 906 4653 1121 4729; x_wconf 86' lang='lat' dir='ltr'><strong>criminalium</strong></span> <span class='ocrx_word' id='word_1_340' title='bbox 1230 4660 1268 4741; x_wconf 90' lang='lat'><strong>5)</strong></span> <span class='ocrx_word' id='word_1_341' title='bbox 1310 4663 1393 4724; x_wconf 83' lang='lat' dir='ltr'><strong>Nam</strong></span> <span class='ocrx_word' id='word_1_342' title='bbox 1408 4663 1560 4724; x_wconf 70' lang='lat' dir='ltr'><strong>aduena.</strong></span> <span class='ocrx_word' id='word_1_343' title='bbox 1589 4659 1626 4724; x_wconf 91' lang='lat' dir='ltr'><strong>P.</strong></span> <span class='ocrx_word' id='word_1_344' title='bbox 1640 4659 1672 4722; x_wconf 72' lang='lat'><strong>9.</strong></span> <span class='ocrx_word' id='word_1_345' title='bbox 1685 4693 1729 4706; x_wconf 94' lang='lat'>-</span> <span class='ocrx_word' id='word_1_346' title='bbox 1768 4653 1822 4722; x_wconf 87' lang='lat' dir='ltr'><strong>Al.</strong></span> <span class='ocrx_word' id='word_1_347' title='bbox 1836 4657 2011 4737; x_wconf 88' lang='lat' dir='ltr'><strong>„inductus</strong></span> 
     </span>
     <span class='ocr_line' id='line_1_31' title="bbox 299 4753 2115 4846; baseline 0.001 -25"><span class='ocrx_word' id='word_1_348' title='bbox 299 4756 589 4823; x_wconf 90' lang='lat' dir='ltr'><strong>iudiciorumhaud</strong></span> <span class='ocrx_word' id='word_1_349' title='bbox 599 4756 789 4840; x_wconf 81' lang='lat' dir='ltr'><strong>explicatur.</strong></span> <span class='ocrx_word' id='word_1_350' title='bbox 809 4763 1119 4830; x_wconf 82' lang='lat' dir='ltr'><strong>Ceterumerrorem</strong></span> <span class='ocrx_word' id='word_1_351' title='bbox 1187 4763 1337 4846; x_wconf 78' lang='lat' dir='ltr'><strong>„igitur”</strong></span> <span class='ocrx_word' id='word_1_352' title='bbox 1351 4759 1391 4826; x_wconf 91' lang='grc' dir='ltr'><strong>Β.</strong></span> <span class='ocrx_word' id='word_1_353' title='bbox 1406 4795 1449 4806; x_wconf 91' lang='lat'>-</span> <span class='ocrx_word' id='word_1_354' title='bbox 1463 4759 1671 4840; x_wconf 75' lang='lat' dir='ltr'><strong>„inductus”</strong></span> <span class='ocrx_word' id='word_1_355' title='bbox 1699 4757 1736 4822; x_wconf 90' lang='lat' dir='ltr'><strong>P.</strong></span> <span class='ocrx_word' id='word_1_356' title='bbox 1751 4757 1780 4822; x_wconf 92' lang='lat'><strong>1.</strong></span> <span class='ocrx_word' id='word_1_357' title='bbox 2102 4753 2115 4794; x_wconf 63' lang='lat'>⁸</span> 
     </span>
     <span class='ocr_line' id='line_1_32' title="bbox 297 4845 2010 4949; baseline -0.001 -23"><span class='ocrx_word' id='word_1_358' title='bbox 297 4861 396 4926; x_wconf 89' lang='lat' dir='ltr'><strong>istum</strong></span> <span class='ocrx_word' id='word_1_359' title='bbox 416 4845 459 4923; x_wconf 83' lang='lat' dir='ltr'><strong>ex</strong></span> <span class='ocrx_word' id='word_1_360' title='bbox 478 4857 563 4924; x_wconf 88' lang='lat' dir='ltr'><strong>libro</strong></span> <span class='ocrx_word' id='word_1_361' title='bbox 577 4857 686 4946; x_wconf 87' lang='lat' dir='ltr'><strong>aliquo</strong></span> <span class='ocrx_word' id='word_1_362' title='bbox 706 4863 928 4949; x_wconf 85' lang='lat' dir='ltr'><strong>manuscripto</strong></span> <span class='ocrx_word' id='word_1_363' title='bbox 948 4875 1118 4948; x_wconf 86' lang='lat' dir='ltr'><strong>receptum</strong></span> <span class='ocrx_word' id='word_1_364' title='bbox 1227 4861 1265 4944; x_wconf 87' lang='lat'><strong>6)</strong></span> <span class='ocrx_word' id='word_1_365' title='bbox 1308 4880 1482 4926; x_wconf 74' lang='lat' dir='ltr'><strong>sumamma.</strong></span> <span class='ocrx_word' id='word_1_366' title='bbox 1503 4897 1547 4910; x_wconf 92' lang='lat'><em>-</em></span> <span class='ocrx_word' id='word_1_367' title='bbox 1567 4862 1639 4926; x_wconf 73' lang='lat' dir='ltr'><strong>Ra.</strong></span> <span class='ocrx_word' id='word_1_368' title='bbox 1654 4861 1688 4925; x_wconf 93' lang='lat' dir='ltr'><strong>in</strong></span> <span class='ocrx_word' id='word_1_369' title='bbox 1702 4877 1806 4946; x_wconf 84' lang='lat' dir='ltr'><strong>marg.</strong></span> <span class='ocrx_word' id='word_1_370' title='bbox 1822 4857 1888 4942; x_wconf 87' lang='lat' dir='ltr'><strong>,‚al.</strong></span> <span class='ocrx_word' id='word_1_371' title='bbox 1904 4862 2010 4925; x_wconf 87' lang='lat' dir='ltr'><strong>crimi-</strong></span> 
     </span>
     <span class='ocr_line' id='line_1_33' title="bbox 299 4959 1358 5046; baseline 0.002 -20"><span class='ocrx_word' id='word_1_372' title='bbox 299 4981 378 5026; x_wconf 89' lang='lat' dir='ltr'><strong>esse</strong></span> <span class='ocrx_word' id='word_1_373' title='bbox 400 4969 488 5044; x_wconf 90' lang='lat' dir='ltr'><strong>puto.</strong></span> <span class='ocrx_word' id='word_1_374' title='bbox 518 4959 568 5026; x_wconf 80' lang='lat' dir='ltr'><strong>Gi.</strong></span> <span class='ocrx_word' id='word_1_375' title='bbox 585 4981 658 5046; x_wconf 80' lang='lat' dir='ltr'><strong>seq.</strong></span> <span class='ocrx_word' id='word_1_376' title='bbox 686 4961 789 5026; x_wconf 83' lang='lat' dir='ltr'><strong>notii.</strong></span> <span class='ocrx_word' id='word_1_377' title='bbox 818 4997 859 5010; x_wconf 91' lang='lat'>-</span> <span class='ocrx_word' id='word_1_378' title='bbox 888 4971 932 5030; x_wconf 88' lang='lat'><strong>10.</strong></span> <span class='ocrx_word' id='word_1_379' title='bbox 953 4969 1054 5030; x_wconf 79' lang='lat' dir='ltr'><strong>Andr.</strong></span> <span class='ocrx_word' id='word_1_380' title='bbox 1075 4969 1117 5026; x_wconf 77' lang='lat' dir='ltr'><strong>rut</strong></span> <span class='ocrx_word' id='word_1_381' title='bbox 1183 4961 1358 5043; x_wconf 85' lang='lat' dir='ltr'><strong>„nulium”</strong></span> 
     </span>
    </p>

    <p class='ocr_par' dir='ltr' id='par_1_8' title="bbox 298 5060 2059 5351">
     <span class='ocr_line' id='line_1_34' title="bbox 298 5060 2059 5148; baseline -0.002 -23"><span class='ocrx_word' id='word_1_382' title='bbox 298 5065 340 5126; x_wconf 85' lang='lat' dir='ltr'><strong>D.</strong></span> <span class='ocrx_word' id='word_1_383' title='bbox 373 5086 421 5142; x_wconf 81' lang='lat' dir='ltr'><strong>sp.</strong></span> <span class='ocrx_word' id='word_1_384' title='bbox 451 5081 597 5146; x_wconf 88' lang='lat' dir='ltr'><strong>prooem.</strong></span> <span class='ocrx_word' id='word_1_385' title='bbox 640 5063 674 5126; x_wconf 85' lang='lat' dir='ltr'><strong>ia</strong></span> <span class='ocrx_word' id='word_1_386' title='bbox 705 5083 736 5127; x_wconf 84' lang='lat' dir='ltr'><strong>v.</strong></span> <span class='ocrx_word' id='word_1_387' title='bbox 761 5060 927 5148; x_wconf 83' lang='lat' dir='ltr'><strong>plurimis:</strong></span> <span class='ocrx_word' id='word_1_388' title='bbox 957 5065 1119 5147; x_wconf 85' lang='lat' dir='ltr'><strong>„Summa</strong></span> <span class='ocrx_word' id='word_1_389' title='bbox 1229 5065 1265 5147; x_wconf 87' lang='grc'><strong>7)</strong></span> <span class='ocrx_word' id='word_1_390' title='bbox 1307 5072 1347 5129; x_wconf 82' lang='lat' dir='ltr'><strong>et.</strong></span> <span class='ocrx_word' id='word_1_391' title='bbox 1375 5063 1413 5128; x_wconf 90' lang='lat' dir='ltr'><strong>P.</strong></span> <span class='ocrx_word' id='word_1_392' title='bbox 1430 5064 1460 5128; x_wconf 93' lang='lat'><strong>1.</strong></span> <span class='ocrx_word' id='word_1_393' title='bbox 1473 5063 1504 5127; x_wconf 71' lang='grc' dir='ltr'><strong>Β.</strong></span> <span class='ocrx_word' id='word_1_394' title='bbox 1519 5099 1562 5112; x_wconf 93' lang='lat'><em>-</em></span> <span class='ocrx_word' id='word_1_395' title='bbox 1588 5062 1639 5128; x_wconf 83' lang='lat' dir='ltr'><strong>at.</strong></span> <span class='ocrx_word' id='word_1_396' title='bbox 1655 5064 1750 5144; x_wconf 75' lang='lat' dir='ltr'><strong>„aa”</strong></span> <span class='ocrx_word' id='word_1_397' title='bbox 1766 5063 1804 5127; x_wconf 94' lang='grc' dir='ltr'><strong>Β.</strong></span> <span class='ocrx_word' id='word_1_398' title='bbox 2026 5074 2059 5122; x_wconf 74' lang='lat' dir='ltr'><strong>aa</strong></span> 
     </span>
     <span class='ocr_line' id='line_1_35' title="bbox 298 5156 2009 5249; baseline -0.001 -21"><span class='ocrx_word' id='word_1_399' title='bbox 298 5161 409 5242; x_wconf 86' lang='lat' dir='ltr'><strong>‚‚Pillii</strong></span> <span class='ocrx_word' id='word_1_400' title='bbox 429 5163 587 5229; x_wconf 84' lang='lat' dir='ltr'><strong>intitulata</strong></span> <span class='ocrx_word' id='word_1_401' title='bbox 609 5169 648 5229; x_wconf 86' lang='lat' dir='ltr'><strong>de</strong></span> <span class='ocrx_word' id='word_1_402' title='bbox 668 5169 776 5228; x_wconf 74' lang='lat' dir='ltr'><strong>ncne</strong></span> <span class='ocrx_word' id='word_1_403' title='bbox 794 5167 974 5228; x_wconf 78' lang='lat' dir='ltr'><strong>iudiciorum</strong></span> <span class='ocrx_word' id='word_1_404' title='bbox 994 5166 1119 5249; x_wconf 85' lang='lat' dir='ltr'><strong>incipit:</strong></span> <span class='ocrx_word' id='word_1_405' title='bbox 1227 5163 1265 5248; x_wconf 90' lang='lat'><strong>8)</strong></span> <span class='ocrx_word' id='word_1_406' title='bbox 1308 5166 1449 5246; x_wconf 70' lang='lat' dir='ltr'><strong>demptio</strong></span> <span class='ocrx_word' id='word_1_407' title='bbox 1461 5173 1519 5228; x_wconf 83' lang='lat' dir='ltr'><strong>etr.</strong></span> <span class='ocrx_word' id='word_1_408' title='bbox 1533 5156 1570 5228; x_wconf 86' lang='lat' dir='ltr'><strong>P.</strong></span> <span class='ocrx_word' id='word_1_409' title='bbox 1579 5164 1607 5228; x_wconf 97' lang='lat' dir='ltr'><strong>l.</strong></span> <span class='ocrx_word' id='word_1_410' title='bbox 1622 5201 1665 5214; x_wconf 87' lang='lat'><strong>-</strong></span> <span class='ocrx_word' id='word_1_411' title='bbox 1678 5164 1717 5228; x_wconf 90' lang='grc' dir='ltr'><strong>Β.</strong></span> <span class='ocrx_word' id='word_1_412' title='bbox 1732 5163 1768 5228; x_wconf 92' lang='lat' dir='ltr'><strong>P.</strong></span> <span class='ocrx_word' id='word_1_413' title='bbox 1776 5163 1806 5226; x_wconf 70' lang='grc' dir='ltr'><strong>Β.</strong></span> <span class='ocrx_word' id='word_1_414' title='bbox 1822 5181 1886 5227; x_wconf 84' lang='lat' dir='ltr'><strong>orn.</strong></span> <span class='ocrx_word' id='word_1_415' title='bbox 1903 5197 1945 5210; x_wconf 88' lang='lat'>-</span> <span class='ocrx_word' id='word_1_416' title='bbox 1958 5162 2009 5227; x_wconf 92' lang='lat' dir='ltr'><strong>ln·</strong></span> 
     </span>
     <span class='ocr_line' id='line_1_36' title="bbox 298 5261 2013 5351; baseline -0.001 -24"><span class='ocrx_word' id='word_1_417' title='bbox 298 5265 473 5344; x_wconf 85' lang='lat' dir='ltr'><strong>„invocato</strong></span> <span class='ocrx_word' id='word_1_418' title='bbox 488 5263 609 5330; x_wconf 88' lang='lat' dir='ltr'><strong>Christi</strong></span> <span class='ocrx_word' id='word_1_419' title='bbox 622 5266 753 5332; x_wconf 87' lang='lat' dir='ltr'><strong>nomine</strong></span> <span class='ocrx_word' id='word_1_420' title='bbox 767 5285 838 5332; x_wconf 89' lang='lat' dir='ltr'><strong>rem</strong></span> <span class='ocrx_word' id='word_1_421' title='bbox 852 5281 944 5348; x_wconf 78' lang='lat' dir='ltr'><strong>agge.</strong></span> <span class='ocrx_word' id='word_1_422' title='bbox 961 5265 1045 5328; x_wconf 86' lang='lat' dir='ltr'><strong>dili.”</strong></span> <span class='ocrx_word' id='word_1_423' title='bbox 1187 5277 1283 5351; x_wconf 79' lang='lat' dir='ltr'><strong>tegra</strong></span> <span class='ocrx_word' id='word_1_424' title='bbox 1302 5267 1406 5332; x_wconf 83' lang='lat' dir='ltr'><strong>verba</strong></span> <span class='ocrx_word' id='word_1_425' title='bbox 1427 5276 1503 5330; x_wconf 88' lang='lat' dir='ltr'><strong>sunt</strong></span> <span class='ocrx_word' id='word_1_426' title='bbox 1516 5263 1616 5332; x_wconf 81' lang='lat' dir='ltr'><strong>baec:</strong></span> <span class='ocrx_word' id='word_1_427' title='bbox 1640 5264 1813 5347; x_wconf 87' lang='lat' dir='ltr'><strong>,‚Accipito</strong></span> <span class='ocrx_word' id='word_1_428' title='bbox 1833 5261 1964 5347; x_wconf 87' lang='lat' dir='ltr'><strong>placide</strong></span> <span class='ocrx_word' id='word_1_429' title='bbox 1980 5274 2013 5328; x_wconf 90' lang='lat' dir='ltr'><strong>et</strong></span> 
     </span>
    </p>
   </div>
   <div class='ocr_carea' id='block_1_4' title="bbox 1761 5413 1806 5488">
    <p class='ocr_par' dir='ltr' id='par_1_9' title="bbox 1761 5413 1806 5488">
     <span class='ocr_line' id='line_1_37' title="bbox 1761 5413 1806 5488; baseline 0 -42"><span class='ocrx_word' id='word_1_430' title='bbox 1761 5413 1806 5488; x_wconf 74' lang='lat'><strong>,.</strong></span> 
     </span>
    </p>
   </div>
   <div class='ocr_carea' id='block_1_5' title="bbox 0 0 2398 5957">
    <p class='ocr_par' dir='ltr' id='par_1_10' title="bbox 0 0 2398 5957">
     <span class='ocr_line' id='line_1_38' title="bbox 0 0 2398 5957; baseline 0 0"><span class='ocrx_word' id='word_1_431' title='bbox 0 0 2398 5957; x_wconf 95' lang='lat' dir='ltr'><strong> </strong></span> 
     </span>
    </p>
   </div>
  </div>
 </body>
</html>
