4770 5962
571 553 634 620 ιι.
650 553 679 619 1.
724 553 779 620 ne
793 553 966 620 sentence
982 551 1172 622 areunae.
1209 535 1277 626 'aa
1291 553 1324 619 a.
1351 551 1405 620 ue
1421 553 1563 623 nerea.
1592 552 1624 644 e.
1641 555 1669 621 1.
1683 556 1715 621 e.
1761 552 1767 564 ·
1939 557 2001 627 aar

379 747 427 820 Et
445 734 495 847 ¹⁴)
521 744 618 818 bunc
642 745 785 818 modum
810 745 885 818 fere
911 747 1094 843 potestiu
1120 743 1279 844 qnalibet
1305 743 1477 818 sententia
1503 744 1584 845 quis
1610 745 1783 841 retinere,
1818 757 1859 820 nt
1885 750 2003 847 primo

276 862 388 950 ponat
414 849 620 947 petitionem
647 849 798 940 actoris,
834 847 988 921 secundo
1016 859 1126 944 poum
1157 859 1272 920 totum
1298 871 1505 945 processum
1531 849 1664 942 negotii
1694 851 1905 922 summatim.
1954 853 2002 924 Et

276 977 414 1049 semper
441 953 565 1023 recitet
591 950 733 1024 modum
758 947 955 1047 probandi,
991 962 1032 1022 nt
1062 952 1094 1020 si
1126 975 1211 1022 reus
1240 950 1289 1020 sit
1321 949 1366 1021 de
1391 950 1509 1048 aliquo
1545 951 1582 1022 in
1606 950 1684 1031 iure
1708 953 1917 1047 confessus,
1957 954 2000 1024 il·

275 1047 409 1156 lud15)
436 1054 682 1151 praemittatur
714 1053 752 1124 in
779 1050 845 1124 bac
869 1054 1001 1124 sermo:
1034 1077 1129 1145 „nos
1155 1051 1273 1124 audita
1301 1052 1523 1124 consessione
1546 1052 1609 1145 lt,
1650 1053 1767 1150 ipsum
1794 1053 2002 1152 superbae

275 1155 491 1251 „diffinitive
517 1155 682 1226 duximus
707 1153 1046 1228 condemnandum.”
1074 1197 1126 1210 —
1150 1156 1247 1247 item,
1275 1155 1307 1223 si
1330 1165 1414 1224 snut
1441 1152 1582 1226 inducta
1609 1155 1859 1229 instrumenta:
1884 1159 2033 1252 „visiss

274 1257 559 1354 „insta-umentis,
589 1279 610 1326 a
636 1256 698 1328 tali
720 1268 823 1354 parte
850 1255 1070 1354 productis.”
1092 1295 1142 1310 ··-
1167 1258 1265 1349 item,
1291 1256 1323 1324 si
1347 1267 1432 1326 sunt
1458 1256 1626 1353 producti
1647 1253 1693 1327 ab
1720 1268 1870 1357 utraque
1895 1272 1999 1357 parte

273 1373 402 1453 testes,
447 1371 483 1432 et
516 1357 604 1430 illud
635 1358 769 1430 referat
804 1358 966 1431 similiter
992 1356 1061 1431 boc
1087 1358 1211 1454 modo:
1248 1358 1428 1455 „receptis
1454 1359 1602 1454 insuper
1628 1356 1799 1452 testibus,
1828 1359 1874 1431 ab
1900 1373 1998 1434 utra·

274 1489 374 1560 „que
401 1471 501 1558 parte
526 1459 748 1558 productis.'’
773 1501 823 1516 -—
850 1461 952 1553 item,
976 1461 1007 1532 si
1032 1461 1252 1553 contingeret
1278 1470 1439 1556 tempore
1466 1460 1658 1532 sententiae
1685 1459 1837 1560 aliquam
1862 1477 2000 1561 partem

271 1592 340 1665 per
370 1565 626 1637 contumaciam
660 1560 846 1634 absentare
859 1555 930 1664 16)ι
971 1564 1075 1656 „eius
1111 1559 1272 1634 absentia
1297 1563 1362 1634 Dei
1393 1561 1528 1659 repleta
1554 1563 1774 1660 praeseutia,
1807 1564 1923 1662 ipsum
1955 1565 2000 1640 ad

272 1670 409 1766 „petita
437 1665 661 1738 nibilominus
688 1664 957 1736 condemnamus
984 1665 1076 1737 etc.'’
2016 1683 2051 1736 ro

373 1771 491 1840 llnnm
517 1781 634 1841 tamen
659 1767 749 1854 seire
775 1764 886 1839 debes
914 1779 950 1839 et
976 1791 1167 1864 numquam
1202 1762 1372 1837 oblivioni
1398 1765 1557 1858 tradere,
1596 1763 1696 1863 quod
1722 1767 1895 1840 sententia
1920 1779 1998 1840 ten·

271 1883 347 1943 tum
376 1870 521 1941 l’erenda
550 1879 606 1942 cst
631 1869 825 1941 secundum
853 1869 1004 1942 formam
1028 1870 1228 1966 petitionis,
1269 1869 1316 1938 X.
1342 1870 1384 1940 G.
1409 1867 1453 1939 de
1480 1863 1685 1959 aecusat5,
1704 1864 1738 1937 1.
1775 1894 1805 1940 c.
1832 1870 1998 1968 qualiter.

270 1970 306 2045 Β.
335 1963 437 2075 (aa.)
455 1967 525 2076 ¹⁷),
551 1973 645 2070 qnia,
667 1973 699 2042 si
726 1982 869 2069 petatur
895 1983 1033 2052 tantum
1059 1972 1250 2063 restitutio,
1278 1995 1350 2042 non
1376 1967 1484 2042 debet
1505 1969 1610 2042 iudex
1637 1970 1867 2066 pronuntiare
1891 1997 1998 2069 super

269 2075 494 2147 restitutione
521 2085 558 2146 et
582 2074 819 2171 proprietate3
860 2083 896 2144 et
921 2075 952 2145 si
975 2075 1193 2146 intententur
1218 2072 1474 2170 possessorium
1508 2082 1544 2143 et
1571 2071 1796 2168 petitorium,
1836 2075 1998 2148 similiter

270 2201 343 2250 non
373 2174 481 2249 debet
505 2187 643 2248 tantum
668 2174 775 2250 iudex
800 2199 910 2274 snper
943 2201 1016 2251 nno
1044 2176 1292 2275 pronuntiare,
1331 2175 1411 2274 qrria
1436 2197 1508 2246 non
1533 2183 1693 2246 servaret
1717 2183 1805 2247 tunc
1831 2175 2047 2271 sormam,15

270 2281 361 2353 sicut
386 2279 634 2376 praediximus.

997 2462 1052 2529 De
1065 2461 1208 2530 arbitris.
1227 2461 1262 2546 1)
1997 2469 2079 2547 Τ),

370 2585 441 2657 Sed
473 2588 641 2685 quoniam
672 2595 793 2685 partes
828 2584 954 2658 volunt
988 2587 1110 2685 potius
1146 2583 1358 2682 quandoque
1376 2571 1412 2686 2)
1447 2582 1484 2652 in
1511 2577 1665 2654 arbitros
1693 2555 1995 2680 compromittere,

268 2713 373 2788 quam
399 2687 523 2760 iudicis
550 2688 672 2760 subire
697 2690 926 2781 seutentiam,
961 2714 1003 2761 eo
1032 2687 1132 2786 quod
1156 2713 1177 2758 a
1205 2686 1376 2758 sententia
1403 2694 1522 2782 potest
1550 2683 1697 2780 quilibet
1723 2684 1925 2782 appellere,
1944 2696 1997 2758 et

267 2793 320 2864 sic
344 2793 524 2882 negotium
553 2815 770 2888 prorogare,
807 2801 847 2862 ut
874 2787 970 2862 (1.1.
1001 2816 1036 2887 q.
1051 2787 1088 2860 6.
1110 2814 1141 2861 c.
1168 2815 1238 2860 non
1258 2781 1293 2890 ³)
1323 2781 1477 2877 ita.18.,
1511 2785 1573 2856 sed
1600 2786 1645 2858 de
1671 2783 1814 2858 arbitris
1841 2788 1996 2880 minime,
2012 2817 2046 2872 20

268 2903 312 2963 nt
337 2892 425 2963 God.
442 2917 471 2962 e.
487 2905 512 2962 t.
529 2889 642 2983 256.
666 2891 690 2962 l.
709 2890 761 2975 l.,
786 2891 865 2964 ideo
890 2892 935 2964 dc
962 2891 1106 2962 arbitris
1134 2888 1384 2983 subiiciamua,
1412 2899 1543 2960 certam
1571 2887 1695 2962 dantes
1721 2889 1873 2961 sormam
1898 2913 1993 2962 rom·

268 2991 499 3091 promittendi
528 3004 564 3065 et
592 2993 773 3065 arbitrium
791 2993 824 3091 ⁴)
850 2992 1107 3092 promulgandi.
2054 3006 2059 3017 “

369 3093 405 3192 ἓ.
457 3093 528 3166 Sed
563 3106 751 3193 autequam
783 3099 963 3168 veniamus
1006 3096 1051 3168 ad
1083 3093 1171 3187 boc,
1214 3091 1332 3166 videre
1363 3083 1554 3186 debemus,
1595 3091 1640 3164 de
1671 3090 1797 3191 quibus
1822 3089 1931 3164 rebus
1958 3087 2030 3189 etg.
2042 3083 2076 3159 1.

269 3193 398 3296 quibus
426 3197 543 3268 causis
568 3197 611 3268 iri
637 3197 765 3270 debeat
782 3195 815 3296 ⁵)
843 3196 887 3271 ad
914 3195 1079 3270 arbitros.
1105 3198 1152 3269 Et
1177 3195 1259 3269 lieet
1285 3194 1370 3267 baec
1395 3196 1539 3266 materia
1565 3194 1612 3267 sit
1637 3219 1700 3292 per
1724 3221 1867 3267 manum
1895 3197 1992 3266 Tan·

268 3298 406 3372 credie.
423 3309 449 3370 t.
466 3299 629 3395 expedita
649 3300 701 3392 6),
728 3302 818 3374 scire
843 3297 971 3394 debes,
999 3298 1095 3398 quod
1123 3297 1255 3396 triplex
1280 3307 1335 3369 est
1363 3321 1475 3392 genus
1501 3319 1646 3389 causae,
1681 3296 1725 3369 de
1753 3322 1824 3394 qua
1850 3295 1909 3369 vel
1934 3322 1992 3368 su·
2012 3307 2045 3360 2³

266 3425 333 3500 per
357 3425 426 3498 qua
454 3403 740 3499 compromittere
768 3401 969 3496 nonlicet,
997 3401 1132 3474 seilicet
1158 3424 1263 3473 causa
1286 3398 1568 3490 matrimonialis,
1596 3409 1632 3470 et
1657 3398 1836 3492 liberalis,
1863 3409 1899 3471 et
1926 3399 1994 3470 eri·

267 3501 422 3593 minalis,
460 3505 540 3595 big.
572 3503 617 3575 de
650 3514 783 3601 recept.
794 3502 835 3596 1,
848 3499 885 3574 8.
908 3503 932 3575 l.
958 3529 1033 3576 non
1061 3503 1326 3596 distinguemus.
1339 3498 1402 3572 52.
1430 3497 1530 3598 (gli.
1547 3497 1606 3598 7.)
1634 3511 1670 3571 et
1698 3503 1745 3573 X.
1769 3504 1811 3574 G.
1837 3499 1883 3572 de
1908 3511 1993 3593 rest.

267 3604 303 3675 in
325 3602 440 3697 int.t,
458 3602 521 3674 dt.
550 3631 580 3677 c.
607 3630 724 3677 causa.
738 3603 773 3676 9.
795 3595 852 3778 ἰ);
894 3615 931 3676 et
965 3605 1016 3677 ibi
1048 3616 1104 3677 est
1136 3607 1247 3695 ratio,
1285 3603 1366 3701 quia
1399 3603 1487 3674 istae
1521 3627 1649 3674 causae
1679 3614 1764 3676 sunt
1797 3599 1925 3674 arduae
1958 3612 1994 3672 et

265 3707 415 3778 maiores
444 3707 577 3779 iudices
604 3710 768 3800 exigunt,
823 3733 841 3778 e
870 3707 957 3803 ipsis
984 3705 1027 3778 ad
1058 3705 1214 3778 arbitros
1240 3705 1281 3775 iri
1311 3729 1382 3776 uon
1409 3715 1529 3801 potest
1554 3730 1620 3777 nee
1646 3703 1738 3778 lieet.

365 3806 402 3906 S.
453 3807 522 3880 Sed
548 3821 628 3882 ante
656 3811 772 3881 omnia
796 3809 913 3880 forma
939 3810 1243 3906 compromissum.
1273 3808 1321 3878 Et
1345 3807 1451 3878 scoies
1479 3805 1523 3877 de
1551 3831 1594 3878 eo
1622 3807 1698 3878 fieri
1723 3808 1759 3876 in
1784 3805 1850 3877 bac
1876 3797 2075 3901 lorma§.2

265 3905 448 4007 publicum
474 3911 756 3986 instrumentum.
807 3912 943 4005 Causa,
975 3911 1020 3984 de
1045 3935 1118 4008 qua
1143 3921 1262 4007 potest
1287 3910 1328 3980 iri
1355 3907 1400 3979 ad
1428 3907 1602 4000 arbitros,
1638 3918 1758 4004 potest
1785 3931 1862 3978 csse
1888 3931 1990 3977 cansa

266 4011 467 4109 pecuniaria
494 4012 587 4084 forte
613 4013 693 4084 tulis
711 4003 760 4116 ⁸).
812 4012 944 4084 Petrus
973 4038 992 4083 a
1020 4015 1062 4086 G.
1089 4011 1234 4110 petebat
1261 4012 1401 4103 decem,
1436 4033 1528 4108 quae
1553 4008 1692 4080 dicebat
1718 4034 1757 4080 se
1783 4009 1991 4105 deposuisse

265 4138 373 4210 penes
407 4113 533 4210 ipsum.
590 4114 644 4185 De
678 4113 744 4186 bac
778 4118 1022 4188 controversia
1064 4115 1120 4187 vel
1155 4113 1327 4188 consimili
1364 4113 1414 4183 sic
1447 4111 1667 4206 concipietur
1699 4113 1990 4184 instrumentum:
2089 4107 2094 4118 '

265 4215 423 4310 „Petrus
450 4226 486 4287 et
506 4217 549 4288 G.
574 4241 618 4287 ex
644 4226 739 4288 certa
766 4218 932 4312 scientia,
957 4231 995 4291 et
1019 4243 1093 4292 non
1117 4241 1183 4316 per
1212 4240 1389 4306 errorem,
1418 4207 1621 4306 elegerunt,
1649 4213 1829 4308 lecerunt,
1856 4213 1989 4286 consti·

306 4465 363 4549 11)
405 4468 460 4530 ΕΙ.
476 4501 519 4514 -
532 4465 570 4530 Β.
587 4464 662 4532 „lt”
1202 4465 1240 4551 3)
1282 4485 1354 4528 aare.
1369 4501 1411 4511 —
1424 4462 1465 4529 B.
1480 4463 1597 4531 nnnc.'’
1707 4504 1712 4514 ·

305 4567 363 4652 15)
405 4567 493 4632 illuri.
508 4601 551 4616 ·-
564 4565 603 4632 B.
620 4565 761 4634 „aliud”
1202 4568 1239 4652 1)
1282 4571 1449 4631 arbitrium.
1479 4597 1521 4614 --
1549 4565 1588 4631 Β.
1618 4565 1847 4645 sarbitmm.”;
1884 4575 1919 4633 et
1944 4565 1990 4634 tte

304 4669 362 4752 16)
404 4673 574 4734 utaenture.
590 4709 630 4720 -
645 4669 685 4735 Β.
700 4669 946 4738 „absentante”
1161 4670 1298 4754 saepius
1313 4667 1344 4732 b.
1360 4679 1383 4734 t.

305 4771 362 4857 17)
407 4788 477 4854 arg.
499 4771 593 4837 verb.
608 4772 693 4851 (sub
708 4771 731 4836 f.
747 4778 799 4844 c.)
827 4783 882 4838 „ut
910 4775 1002 4838 iuxta
1022 4769 1092 4837 for·
1202 4770 1240 4855 5)
1283 4773 1399 4834 debeat.
1416 4809 1457 4819 —
1472 4771 1511 4836 B.
1528 4770 1744 4838 „debeatur”

262 4893 369 4941 emam
385 4871 497 4939 iudicii
517 4873 701 4939 sententiae
718 4891 851 4961 quoque
866 4873 974 4940 forma
989 4874 1092 4940 dicte·
1202 4873 1240 4956 6)
1284 4871 1357 4936 Vid.
1378 4876 1489 4938 Tener.
1503 4883 1586 4958 punt.
1605 4872 1635 4938 1.
1650 4871 1696 4936 ria
1710 4869 1743 4938 3.
2006 4883 2024 4934 a

262 4977 368 5044 „mn”
383 4973 495 5038 lnuoc.
511 4973 542 5038 3.
1135 5017 1140 5024 -
1201 4973 1238 5058 7)
1283 4972 1424 5061 Gregor.
1438 4973 1468 5040 9.

303 5078 338 5162 1)
381 5077 417 5141 ln
432 5076 508 5142 cod.
521 5074 560 5141 B.
576 5095 648 5162 seq.
662 5077 757 5144 verb.
779 5075 889 5143 ’‘Sed''
903 5073 1090 5143 maiuscula
1199 5072 1236 5160 8)
1280 5073 1319 5141 Β.
1345 5077 1447 5145 inser.
1475 5075 1547 5143 »Dc
1566 5076 1688 5162 ptoue”
1707 5073 1886 5161 (petitione)
1914 5073 1989 5141 ade·

258 5177 494 5246 tantumlitera
508 5177 697 5264 insignitum
713 5187 777 5244 est.
1157 5175 1307 5260 „positi”
1340 5235 1343 5242 ,

301 5280 339 5365 2)
381 5285 574 5365 quaudoque.
590 5315 632 5328 -
645 5278 684 5344 Β.
699 5279 829 5363 spotti-’²
