4782 5960
391 521 456 608 aot
989 513 1416 582 Tanoredlord.iudiciarli
1429 512 1510 579 et

391 711 523 784 illicita.
538 706 575 781 6.
603 701 664 809 (ἓ.
684 695 795 809 11)
830 717 865 778 et
890 707 937 778 X.
953 703 987 778 1.
1018 703 1063 777 de
1096 703 1224 802 appell.
1241 698 1280 796 1,
1296 699 1361 774 10.
1388 729 1418 776 c.
1444 700 1677 800 personasd.
1695 696 1786 807 ¹⁴5),
1827 705 1896 778 nisi
1925 704 2043 776 veniat
2073 703 2119 778 ad

393 814 559 887 iudicium
586 813 708 882 statim
736 821 820 904 post
846 809 1069 900 sententiam,
1097 806 1213 878 adbuc
1239 805 1383 878 sedente
1408 805 1521 878 indiae
1545 831 1611 902 pro
1637 805 1815 879 tribunali.
1844 819 1885 878 nt
1910 809 1991 902 llig.
2014 807 2059 880 de
2083 809 2120 878 ia

394 919 458 989 int.
482 925 567 986 rest.
583 913 623 1005 d,
642 909 674 982 l.
701 913 725 982 Ι.
750 911 864 982 divus.
881 909 916 981 7.
935 911 1000 1007 ¹⁴⁶)

497 1017 671 1109 „lilinima
699 1015 782 1084 res”
812 1014 950 1084 ratione
979 1011 1111 1083 valoris
1138 1019 1255 1102 vetat,
1283 1034 1327 1082 ne
1353 1033 1520 1105 superea
1549 1010 1762 1106 appelletur,
1790 1021 1831 1082 ut
1851 1008 1945 1083 (1.1.
1973 1037 2008 1110 q.
2024 1009 2060 1082 6.
2087 1037 2118 1082 c.

362 1113 697 1192 santeriorumfflil.
731 1113 766 1213 g.
800 1115 866 1187 illo
899 1112 1152 1211 videlicet.¹⁴⁷)
1187 1124 1224 1183 et
1257 1113 1304 1184 X.
1320 1109 1354 1183 1.
1387 1113 1432 1184 de
1466 1109 1732 1208 appelbmll.
1762 1139 1792 1184 c.
1822 1115 1879 1184 vel
1907 1138 1952 1186 ex
1977 1113 2119 1184 malitia.

396 1209 816 1391 47.148);ἔο1“ιηοῑὶυει
844 1218 981 1289 ratione
1008 1213 1261 1288 durabilitatis.
1290 1225 1331 1286 ut
1358 1211 1454 1287 (1.1.
1476 1211 1568 1312 apli.
1594 1211 1630 1312 g.
1659 1214 1704 1286 de
1732 1217 1970 1311 possessione.
1999 1215 2045 1312 (c.
2058 1213 2119 1286 41.

446 1320 483 1393 8⁴
562 1319 581 1392 1
613 1378 618 1388 Ι
660 1320 707 1371 149

396 1349 421 1422 p
498 1313 732 1517 §interdiani
760 1419 892 1510 facta”,
918 1420 1035 1493 idest
1061 1417 1252 1516 prohibitio
1278 1417 1410 1490 domini
1434 1441 1546 1514 papae
1572 1417 1630 1490 vel
1663 1418 1898 1514 imperatoris.
1926 1430 1968 1491 ut
1993 1419 2074 1512 big.
2100 1444 2119 1490 a

398 1525 495 1702 paib.
522 1525 649 1622 appell.
677 1549 748 1595 non
775 1523 832 1594 lic.
843 1519 952 1616 4111.
978 1522 1003 1594 l.
1019 1520 1053 1594 1.
1079 1522 1247 1612 tnt150)
1274 1533 1311 1592 et
1337 1521 1385 1593 X.
1404 1517 1438 1590 1.
1466 1519 1510 1592 de
1539 1520 1667 1617 appell.
1684 1518 1723 1614 1,
1738 1518 1802 1592 ab.
1825 1547 1855 1592 e.
1881 1521 2119 1618 appellationi.

350 1651 383 1704 10

422 1629 460 1701 9.
475 1629 761 1826 ¹5aiilrbitriuru'’‚
803 1727 970 1824 quoniam
998 1748 1018 1795 a
1044 1725 1218 1800 sententia
1253 1721 1379 1796 arbitri
1411 1749 1484 1796 non
1518 1735 1638 1820 P⁰¹⁸⁸i
1668 1722 1840 1818 ‘'Pl’ellari
1864 1736 2013 1822 ΡΝΡΜ
2045 1725 2118 1803 ⁸3⁰⁸

444 2085 524 2164 145)
569 2107 593 2148 c.
606 2105 767 2166 personna.
785 2090 871 2166 (arg.
885 2081 991 2160 verb,
1007 2100 1093 2166 qnae
1108 2079 1225 2166 Raym.
1296 2089 1512 2164 „scopatuum
1532 2075 1658 2162 eligere
1683 2077 1909 2162 compellatis,
1941 2081 1995 2166 qui
2011 2079 2120 2163 suspi-

399 2209 476 2270 om,
491 2187 601 2268 „omni
617 2184 832 2250 excusatione
856 2193 888 2246 et
907 2181 1130 2268 appellatione
1147 2201 1221 2246 ces·
1296 2185 1410 2248 acione
1427 2191 1563 2246 careant
1576 2180 1719 2262 iudices,
1745 2181 1775 2244 si
1789 2193 1898 2246 tamen
1914 2181 2036 2246 ibidem
2051 2182 2120 2246 ido-

401 2287 596 2370 „sante.”)‹l.
611 2285 695 2351 X.G.
707 2306 736 2349 e.
744 2297 765 2349 t.
775 2285 806 2364 1,
814 2282 866 2348 18.
881 2285 992 2349 innoc.
1007 2282 1036 2348 3.
1052 2281 1131 2347 B.B.
1148 2303 1222 2347 ser·
1295 2282 1371 2348 „nei
1385 2293 1540 2367 poterunt
1555 2281 1712 2362 inveniri,
1742 2282 1775 2347 in
1798 2303 1937 2368 quornm
1959 2303 2119 2367 praesen·

401 2392 497 2456 vauit
513 2426 553 2437 -
576 2385 659 2454 Ril.
676 2387 735 2452 aX.
752 2387 780 2450 l.
797 2385 838 2449 de
855 2385 976 2469 appell.
992 2407 1021 2450 c.
1038 2405 1101 2468 per
1113 2384 1218 2449 tuas.”
1295 2386 1361 2450 „tia
1382 2384 1522 2468 iurgium
1546 2384 1709 2466 sopiatur,
1738 2385 1893 2469 aquibus
1917 2387 1946 2450 si
1963 2405 2028 2470 qna
2042 2405 2119 2468 par-

369 2491 599 2557 5Viti0se.—
623 2486 813 2554 {tinente
831 2485 892 2552 „X.
907 2485 946 2550 G.
964 2487 1005 2550 de
1021 2507 1096 2570 app.
1113 2507 1142 2550 c.
1157 2507 1188 2569 p.
1203 2495 1226 2551 t.
1294 2485 1391 2549 atium
1412 2485 1591 2550 crediderit
1612 2483 1865 2569 appellandum,
1898 2485 2117 2572 adarclaiepi-

401 2591 472 2658 582⁹
488 2591 549 2657 aa.
565 2590 607 2654 X.
616 2590 647 2653 4.
663 2610 692 2653 e.
710 2589 771 2668 11,
788 2589 838 2652 11.
854 2587 1011 2653 launoii.
1027 2587 1123 2652 Haud
1140 2579 1226 2669 apte.
1295 2607 1454 2672 »scopum
1491 2607 1552 2651 seu
1578 2587 1752 2670 primatem
1773 2607 1892 2652 vocem
1913 2579 2119 2671 provoe'atio·

447 2694 528 2762 146)
572 2689 624 2755 cf.
643 2691 746 2753 Glosa.
770 2691 802 2754 in
819 2710 850 2753 v.
866 2691 1051 2754 restituere.
1068 2699 1101 2752 et
1119 2689 1225 2752 Gtaar.
1295 2689 1365 2752 anis
1386 2688 1517 2752 emittat.
1563 2688 1599 2754 Si
1626 2709 1707 2752 vero
1735 2690 1902 2772 negotium
1921 2688 1987 2754 tale
2008 2686 2118 2768 fuerit,

404 2795 484 2861 adl.
507 2792 538 2878 §.
561 2802 637 2858 sunt
658 2812 808 2878 quorum.
823 2789 879 2874 (Ο.
893 2798 923 2860 2.
947 2813 979 2877 q.
991 2790 1037 2868 6.)
1061 2793 1094 2855 in
1112 2810 1144 2855 v.
1165 2809 1228 2872 per
1296 2790 1405 2876 „quod
1420 2789 1657 2856 substautiam”
1675 2789 1727 2865 (al.
1743 2792 1961 2867 „summam”)
1977 2790 2120 2877 »aliqua-

407 2895 657 2964 oontumaciam.
1297 2902 1414 2958 „tenus
1431 2900 1541 2957 teneat
1554 2888 1766 2975 ampliorem,
1791 2879 1878 2956 inire
1894 2891 1978 2958 fiaes
1993 2904 2120 2960 vestra-

356 3007 389 3060 10
450 2998 527 3072 147)
569 2997 604 3075 ,4.
620 3001 672 3059 itta
694 2999 840 3060 videlicet.
863 2995 920 3074 (in
941 2995 1028 3060 med.
1051 2991 1083 3080 §.
1097 2999 1130 3062 2.
1159 2991 1229 3059 Sed
1298 3013 1390 3058 „rum
1406 2994 1599 3058 dioecesam
1612 2992 1801 3077 cognitores
1815 2991 1941 3079 eligere
1957 2995 1986 3059 si
2001 3006 2119 3081 sponte

405 3100 482 3168 ride
502 3101 645 3183 priorem
666 3098 719 3162 ist.
740 3096 771 3183 §.
793 3107 930 3180 partem.
954 3107 987 3163 et
1005 3095 1052 3162 ibi
1069 3095 1172 3160 Gloaa.
1188 3096 1222 3160 iu
1298 3094 1500 3175 maluerint,
1515 3115 1581 3159 non
1594 3103 1755 3178 cogantur
1769 3095 1876 3175 inviti,
1891 3106 2000 3162 tamen
2017 3097 2058 3162 de
2074 3099 2120 3164 vi·

406 3224 438 3268 v.
455 3201 548 3274 auri)
574 3236 612 3248 -
632 3197 685 3264 Rs.
702 3200 732 3264 1.
743 3200 774 3264 2.
792 3197 842 3284 η).
859 3197 945 3264 illo.”
966 3234 1009 3245 -
1024 3197 1090 3264 Ed.
1105 3197 1135 3262 1.
1150 3196 1181 3263 a
1196 3197 1228 3263 4.
1299 3198 1400 3263 acinis
1423 3196 1669 3280 episcopatibus
1690 3194 1820 3281 aliquos
1842 3217 2015 3263 assumere
2030 3219 2117 3264 cona-

407 3301 462 3389 „§.
477 3301 567 3366 illud.
581 3301 633 3366 e.”
1298 3297 1501 3383 apellantur,
1530 3299 1620 3364 iuxta
1638 3295 1798 3377 sormam,
1828 3317 1926 3382 quam
1947 3301 2118 3383 praemisi·

452 3403 531 3482 148)
574 3407 613 3465 Χ.
630 3407 669 3464 de
683 3424 753 3482 (φρ.
769 3423 794 3463 c.
809 3405 859 3464 aet
872 3423 915 3465 en
928 3405 1001 3464 mal.
1024 3398 1229 3485 (Gregor.8.
1297 3421 1413 3481 amuS,
1442 3402 1610 3486 negotium
1637 3409 1852 3476 tractaturos;
1881 3401 1915 3464 ia
1941 3403 2119 3468 maioribus

361 3525 392 3574 15
409 3504 578 3570 universis
593 3502 865 3587 archiepiscopis.
891 3537 933 3550 -
959 3501 1001 3566 al.
1017 3504 1124 3568 anniv.
1140 3500 1228 3568 arch.
1299 3504 1431 3569 aeausis
1470 3514 1503 3568 et
1543 3501 1791 3568 obscurioribus
1824 3502 1970 3568 articulis
2006 3506 2115 3589 appel·

408 3619 461 3672 aet
475 3606 675 3690 episcopis.”
690 3639 731 3652 -
746 3605 855 3670 „univ-
870 3602 993 3670 fratrib.
1010 3608 1115 3690 episc.
1131 3614 1164 3668 et
1179 3623 1231 3669 ar·
1301 3603 1412 3672 „tandi
1433 3605 1549 3672 sedern
1573 3612 1681 3688 apost.
1710 3604 1807 3689 copia
1834 3615 2016 3672 reservata.
2045 3608 2121 3672 Noa

408 3708 649 3788 archidiaconis,
679 3706 722 3772 ad
738 3725 822 3791 qnos
837 3705 950 3772 literae
970 3707 1053 3772 istae
1068 3725 1231 3791 pervene·
1299 3707 1404 3772 aenim
1433 3708 1563 3772 videtur
1597 3704 1740 3772 malitiae
1770 3706 1962 3789 suspicione
1991 3727 2120 3791 carere,

409 3812 523 3878 „rint”
552 3845 593 3858 -
624 3807 711 3878 „vel
731 3827 773 3872 ex
792 3807 864 3872 mal.
882 3807 1089 3892 litigantium,
1118 3806 1231 3872 velex
1299 3810 1408 3894 „quod
1424 3808 1576 3894 plerique
1593 3826 1675 3872 suos
1691 3810 1722 3872 in
1737 3812 1960 3892 praesentiam
1974 3821 2121 3878 nostram
2208 3847 2216 3857 ·

409 3912 561 3981 adcincta
582 3921 697 3978 nostro
721 3912 887 3978 credimus
915 3911 1112 3995 provenire,
1143 3909 1231 3995 quad
1299 3911 1531 3976 aadvensarios
1545 3908 1700 3976 laborare
1716 3907 1925 3994 compellant,
1940 3931 2014 3978 cnm
2031 3932 2121 3980 ano-

277 4075 281 4082 .
360 4041 394 4094 20
413 4029 521 4082 „tanta
542 4014 749 4100 negotiorum
769 4009 955 4097 frequentia
979 4011 1097 4078 diebus
1119 4011 1229 4094 singu·
1301 4015 1374 4079 abis
1402 4011 1474 4078 sere
1504 4011 1584 4078 nibil
1613 4011 1720 4092 abad,
1750 4031 1849 4096 quam
1877 4016 2120 4084 commissionis

410 4118 470 4186 alis
485 4137 721 4203 perurgemur,
749 4123 786 4180 ut
803 4161 810 4177 .
829 4113 1027 4180 ..omnibns
1041 4133 1109 4177 non
1123 4113 1232 4197 possi·
1301 4115 1449 4200 »possint
1467 4115 1580 4180 literas
1607 4114 1800 4180 obtinere..
1817 4115 1861 4190 .'')
1884 4113 1971 4181 haud
1996 4132 2119 4205 recept.

411 4241 505 4286 amus
520 4218 691 4283 commode
707 4235 901 4299 superesse.
917 4261 947 4278 ..
992 4215 1158 4288 Quocirca
1171 4233 1233 4298 per
1303 4220 1337 4284 tn
1362 4216 1438 4282 coll.
1455 4216 1608 4301 Gregor,
1633 4217 1684 4281 ab.
1701 4214 1815 4281 aaa.
1831 4217 1927 4282 codd.
1943 4217 1984 4282 A.
1998 4218 2073 4286 Hal.
2089 4233 2122 4288 et
2174 4215 2180 4227 ¹

411 4320 619 4407 „garreralem
633 4317 809 4401 epistolam
823 4317 1006 4383 remedium
1021 4316 1096 4384 laui'c
1110 4318 1160 4384 rei
1175 4318 1233 4384 du·
1301 4318 1388 4386 attt
1403 4327 1453 4397 23
1468 4321 1530 4384 sed
1545 4329 1669 4385 seruat.
1685 4318 1718 4380 in
1733 4315 1813 4382 B.B.
1829 4319 1903 4382 cod.
1918 4317 1957 4384 E.

410 4424 537 4488 „ximus
551 4420 804 4505 providendam,
816 4440 862 4485 ne
877 4418 933 4484 vel
947 4419 1158 4485 multitudinis
1172 4420 1229 4484 im·
1346 4421 1423 4503 149)
1468 4419 1519 4485 Cf.
1538 4422 1642 4486 Gtoaa.
1657 4420 1692 4484 in
1705 4441 1739 4484 a.
1753 4429 1928 4486 momento.

361 4544 395 4596 25
414 4525 608 4608 „pediamur
627 4523 765 4587 incursu
787 4520 841 4586 vel
862 4541 924 4600 sue
941 4521 1091 4586 iniuriam
1106 4522 1233 4604 patien-
1344 4521 1422 4606 150)
1465 4521 1518 4588 cf.
1538 4523 1640 4585 Glaaa.
1655 4519 1689 4584 in
1702 4540 1735 4584 v.
1749 4521 1793 4586 ab
1808 4540 1849 4586 ao
1863 4541 2056 4606 provocare.

412 4627 517 4692 „abus
533 4622 640 4708 possit
653 4623 776 4688 iustitia
790 4622 953 4706 deperire.
995 4622 1046 4688 Ea
1060 4633 1196 4706 propter
1209 4620 1233 4690 s.
1345 4623 1423 4706 151)
1466 4627 1506 4688 Χ
1522 4628 1560 4685 de
1573 4643 1645 4702 app.
1660 4644 1686 4684 c.
1703 4627 1912 4704 appellationi.
1944 4626 2121 4706 (Alexand.

413 4751 461 4795 av.
477 4747 511 4811 p.
527 4747 556 4791 a.
571 4745 599 4792 s.
614 4743 669 4805 m,
685 4745 717 4809 q.
736 4723 765 4790 si
786 4722 871 4788 sorte
892 4743 997 4806 saper
1015 4724 1117 4788 robus
1131 4725 1234 4790 modi·
1302 4723 1334 4790 3.
1361 4724 1535 4789 Dulmensi
1564 4723 1668 4809 episc.
1697 4721 1944 4806 „Appellationi
1972 4775 2029 4792 ...
2057 4729 2122 4796 nisi

414 4832 502 4909 acis,
531 4847 619 4913 quae
640 4825 727 4891 infra
746 4843 908 4890 summam
923 4845 1109 4890 marcarum
1122 4827 1236 4911 viginti
1303 4824 1514 4910 „appellatur
1549 4827 1592 4890 ab
1621 4829 1713 4910 ipso,
1755 4826 1809 4890 cui
1838 4845 1943 4894 caasa
1971 4833 2013 4896 sit
2040 4851 2121 4896 rem.
2185 4861 2193 4884 ·

413 4931 633 5009 „subsistunt,
671 4928 705 4992 in
735 4926 905 4992 auditoriis
934 4924 1055 4992 vestris
1085 4928 1235 5013 quaestio
1302 4947 1404 5011 „app
1419 4908 1617 5008 manteia,
1642 4927 1757 4992 debita
1776 4925 1950 4996 devotione
1964 4942 2016 4997 est
2029 4929 2122 5000 dele·

366 5052 399 5104 ao
418 5030 630 5109 „ventilatum
660 5039 693 5093 et
711 5026 869 5094 alteruter
891 5025 1085 5112 litigantium
1105 5027 1235 5094 deluso·
1303 5030 1511 5112 „rendam.”)
1543 5028 1631 5096 hand
1660 5038 1787 5112 recept.
1816 5030 1848 5094 in
1878 5029 1953 5096 coll.
1969 5031 2121 5121 Gregor,

414 5135 484 5202 „rie
504 5129 670 5218 putaverit
694 5129 961 5213 provocandum,
990 5127 1064 5194 eins
1087 5128 1234 5214 appella·
1303 5135 1356 5199 ab.
1372 5132 1504 5218 quidem
1520 5151 1539 5196 a
1553 5129 1634 5196 B.B.
1653 5131 1728 5197 cod.
1742 5129 1816 5196 Hal.
1831 5141 1864 5196 et
1878 5153 1900 5198 a
1912 5133 1965 5198 lll'.
1980 5135 2030 5219 1.,
2060 5140 2122 5206 sed

415 5237 520 5302 atione
536 5241 717 5311 contenta,
746 5231 831 5296 intra
851 5229 936 5298 lines
956 5240 1143 5298 vestrorum
1165 5234 1234 5316 epi·
1302 5245 1423 5302 servat
1436 5234 1471 5300 in
1485 5233 1565 5300 B.B.
1579 5230 1676 5300 codd.
1690 5231 1730 5298 Α
1744 5231 1784 5298 Ε.
