4782 5960
387 551 450 619 292
984 547 1149 614 Tancredi
1165 547 1236 612 ord.
1252 545 1411 612 iudiciarii
1432 546 1467 612 P.
1482 547 1513 612 4.

388 740 471 840 pell.
488 737 552 834 49,
571 735 604 811 1.
634 737 658 809 l.
684 736 730 810 ab
756 747 975 810 exsecutore.
991 733 1028 808 4.
1054 733 1089 834 5.
1115 735 1197 808 alio.
1210 732 1247 807 2.
1267 746 1309 808 et
1337 735 1372 836 5.
1401 735 1466 808 ult.
1516 736 1564 808 Et
1589 734 1657 810 boc
1682 737 1718 808 in
1744 738 1857 811 causis
1885 735 2050 810 civilibus
2075 748 2112 811 et

336 873 339 880 ¹
389 841 627 942 spiritualibus
641 866 703 911 seu
717 838 922 928 aliis¹¹).-
948 840 990 910 ln
1012 838 1253 911 criminalibus
1282 865 1366 910 veru
1393 849 1477 936 post
1502 840 1708 911 seutentiam
1736 865 1809 912 nou
1837 839 1953 911 solum
1981 840 2114 913 crunde-

391 957 549 1038 mnatus,
577 942 770 1016 sedetiam
798 939 948 1042 quilibet
976 940 1084 1033 alins,
1118 953 1188 1014 tam
1215 943 1494 1034 consanguineus
1521 941 1760 1036 condemnati,
1787 967 1891 1041 quam
1919 945 2021 1014 ctiam
2051 967 2112 1014 cx·

391 1059 555 1140 truncus,
593 1044 790 1118 admittitur
815 1043 860 1114 ad
882 1043 1157 1140 appellandum,
1186 1043 1288 1115 ctiam
1314 1044 1424 1115 invito
1453 1042 1706 1139 condemnato,
1748 1053 1848 1117 curat
1873 1044 1964 1115 enim
1991 1043 2113 1116 lauma-

358 1150 510 1222 snitntis
537 1147 639 1240 ratio,
666 1148 702 1216 in
729 1145 790 1217 tali
815 1169 898 1217 casu
927 1144 1120 1243 quemlibet
1147 1143 1383 1242 appellantem
1414 1144 1537 1216 audiri.
1565 1158 1603 1217 ut
1628 1147 1709 1239 [lig.
1735 1143 1779 1219 de
1804 1145 1937 1246 appell.
1951 1142 2014 1240 49,
2031 1142 2064 1217 l‘.
2089 1146 2113 1217 l.

393 1279 464 1326 non
487 1262 634 1322 tantum.
650 1245 686 1321 6.
711 1259 748 1320 et
773 1249 852 1340 [lig.
881 1247 1024 1344 quando
1050 1245 1251 1346 appellanti.
1282 1248 1340 1320 sit.
1356 1243 1421 1341 49,
1438 1245 1475 1318 l.
1502 1241 1579 1317 12.
1605 1245 1641 1346 5.
1670 1248 1734 1319 ult.

309 1351 391 1454 55.
491 1351 515 1451 5
579 1349 638 1422 ΑΙ)
662 1347 825 1422 omnibus
851 1347 1046 1443 iudicibus,
1081 1361 1152 1422 tam
1180 1349 1384 1443 ordinariis,
1416 1373 1523 1446 quam
1548 1347 1740 1443 delegatis,
1782 1349 1955 1447 appellari
1980 1360 2114 1447 potest,

394 1468 432 1529 ut
458 1457 488 1528 C
515 1451 552 1526 2.
580 1480 615 1551 q.
628 1450 665 1526 6.
691 1479 721 1524 c.
748 1451 861 1524 omnis
887 1449 1148 1549 oppressusl').
1172 1477 1202 1523 e.
1229 1450 1274 1523 ad
1302 1452 1509 1523 Romanam.
1521 1447 1557 1522 8.
1577 1445 1628 1552 ¹²)
1656 1453 1702 1524 X.
1718 1449 1753 1524 l.
1778 1451 1824 1526 tle
1850 1449 2034 1550 appelli,
2051 1449 2114 1524 20.

391 1585 420 1632 c.
449 1583 528 1630 cum
558 1558 605 1628 sit
631 1549 851 1626 Romanab.
870 1554 936 1646 13),
967 1555 1121 1652 exceptis
1150 1552 1361 1652 quibusdam
1387 1551 1561 1624 iudicibus
1589 1565 1624 1626 et
1652 1552 1813 1646 casibus,
1853 1579 1946 1654 quos
1973 1579 2115 1627 enume-

343 1658 549 1746 10ralrimus
576 1657 667 1728 inira
694 1654 818 1728 eodem
843 1655 947 1727 titulo
976 1654 1044 1728 sub
1078 1656 1141 1727 illo
1168 1652 1344 1727 membro:
1393 1680 1485 1754 quae
1510 1654 1765 1754 appellationes
1793 1656 1934 1730 valeant
1959 1668 1996 1730 et
2025 1680 2115 1754 quac

393 1790 474 1834 non.
491 1761 538 1849 Η)

309 1859 343 1963 5.
357 1863 394 1938 4.
495 1861 531 1961 5.
583 1859 790 1958 Appellatio
819 1857 924 1932 debet
949 1859 1026 1932 lieri
1053 1883 1073 1930 a
1099 1860 1227 1930 minori
1252 1858 1366 1932 iudice
1392 1858 1436 1931 ad
1462 1859 1645 1953 maiorem,
1673 1870 1710 1931 et
1736 1859 1923 1954 gradatim,
1948 1860 1985 1933 id
2002 1858 2115 1931 estad

394 1993 498 2056 curm,
534 1965 594 2060 qui
626 1965 661 2034 in
688 1962 799 2056 gradu
832 1962 996 2060 proximo
1031 1963 1195 2059 superior
1230 1972 1285 2034 est
1316 1987 1381 2054 eo,
1402 1985 1437 2032 ¹a
1466 1987 1539 2059 quo
1563 1961 1783 2060 appellatur,
1820 1973 1905 2060 puta
1932 1959 1978 2033 ab
2002 1959 2115 2034 archi·

393 2068 541 2139 ‹liacono
569 2063 613 2136 ad
642 2067 869 2163 episcopum,
910 2063 956 2136 ab
981 2066 1151 2163 episcopo
1176 2063 1220 2136 atl
1246 2062 1568 2163 archiepiscopum,
1603 2061 1650 2135 ab
1679 2062 1946 2164 archiepiscopo
1973 2063 2017 2136 ad
2043 2065 2115 2162 pri·

389 2267 877 2284 W—

393 2423 521 2508 „ipsam
536 2422 709 2504 praedicto
724 2419 848 2486 clerico
864 2421 1081 2502 adiudicavit‚
1106 2423 1139 2487 in
1155 2441 1222 2508 quo
1290 2423 1344 2486 sin
1360 2419 1508 2487 ecclesia
1520 2441 1644 2487 vacare
1659 2423 1843 2508 contigerit,
1859 2440 1935 2485 cnm
1946 2418 2061 2507 plures
2073 2435 2116 2481 ex

394 2524 503 2591 „lacto
519 2524 710 2608 praedictus
722 2521 827 2588 abbas
838 2521 999 2588 etli·atres
1010 2532 1167 2588 asserunt
1181 2543 1220 2587 sc
1289 2522 1369 2602 siis,
1400 2523 1454 2608 qui
1470 2523 1625 2588 nominati
1646 2533 1723 2588 suut
1736 2523 1799 2604 ibi,
1818 2523 1852 2588 in
1865 2541 1984 2588 vocem
2000 2517 2115 2605 appel-

394 2637 572 2711 „gravatos
590 2644 679 2689 esse.
724 2624 810 2698 Quia
830 2644 912 2689 vero
934 2623 1142 2689 sollicitudini
1162 2643 1220 2689 no·
1289 2622 1442 2690 „lationis
1464 2635 1656 2708 erumpant,
1680 2625 1916 2689 interdicentes
1938 2641 2114 2708 expresse,

395 2739 504 2794 „strae
520 2727 693 2805 incumbit,
708 2727 790 2790 viris
806 2726 1061 2808 ecclesiasticis,
1076 2736 1109 2791 et
1123 2746 1221 2809 prae·
1290 2745 1352 2790 „ue
1365 2725 1406 2790 ad
1420 2725 1612 2791 electionem
1624 2725 1800 2792 cuiuslibet
1811 2725 2021 2810 procedatur,
2037 2743 2115 2789 con·

360 2820 375 2870 ⁵
394 2830 511 2914 „cipue
526 2827 676 2914 religioni
692 2828 830 2908 deditis,
847 2839 879 2893 et
894 2827 1058 2894 honestati
1072 2848 1135 2893 sua
1148 2827 1222 2893 iura
1290 2825 1476 2893 »saltationi
1492 2838 1568 2892 tuae
1584 2827 1692 2894 taliter
1706 2828 1967 2914 respondemus,
1983 2825 2070 2915 quod
2086 2825 2115 2890 si

394 2932 542 3016 »integra
557 2948 715 3008 servare,
746 2941 778 2994 et
792 2930 845 3008 id,
872 2933 960 3015 quod
975 2931 1060 2996 inter
1075 2928 1160 2994 alios
1175 2928 1222 3008 fit,
1288 2927 1587 3012 »appellationem
1630 2949 1729 3015 quam
1764 2933 1994 3013 interponunt,
2029 2924 2116 2992 inira

394 3033 489 3102 nuliis
518 3052 585 3097 nou
613 3031 845 3117 praeiudicare
873 3052 938 3098 nec
963 3051 1087 3098 nocere
1110 3031 1221 3110 debet,
1289 3031 1528 3116 „quadraginta
1541 3032 1614 3097 dies
1627 3031 1797 3115 prosecuti
1807 3050 1875 3096 non
1885 3028 2023 3111 luerint,
2038 3025 2115 3113 pro-

394 3135 516 3202 „discn
536 3144 670 3198 vestrae
692 3157 724 3220 p.
746 3153 776 3198 a.
792 3155 819 3198 s.
839 3153 882 3198 m.
898 3155 946 3219 q.,
976 3134 1126 3217 partibus
1145 3143 1221 3198 ante
1288 3132 1496 3197 »cedendum
1509 3143 1562 3198 est
1571 3133 1791 3216 postmodum,
1806 3130 2028 3218 appellatione
2042 3127 2115 3195 nnl-

393 3238 636 3320 „praesentiam
660 3247 805 3302 vestram
827 3238 1039 3317 convocatis,
1070 3237 1099 3301 si
1124 3235 1221 3302 vobis
1289 3231 1372 3298 nlius
1387 3234 1555 3312 obstante,
1572 3236 1614 3299 ad
1627 3235 1819 3300 canonicam
1833 3232 2026 3300 electionem
2040 3250 2116 3317 per-

345 3329 377 3381 ¹⁰
395 3335 600 3404 „constiterit
614 3338 658 3402 ita
672 3357 771 3418 esse,
793 3337 965 3420 praedicto
981 3337 1093 3402 abbati
1106 3348 1140 3402 et
1152 3335 1221 3403 fra·
1290 3353 1415 3400 rsonae
1430 3335 1611 3400 ministerio
1626 3335 1793 3402 ecclesiae
1806 3332 2053 3420 competentis.”
2073 3365 2115 3380 -

394 3438 521 3506 „annus
535 3440 740 3521 praedictam
761 3437 941 3505 ecclesiam
963 3459 1039 3505 cum
1060 3437 1221 3506 tiuctibus
1290 3432 1342 3500 Rs.
1362 3437 1389 3498 1.
1411 3447 1488 3519 post
1502 3437 1608 3503 verba
1624 3437 1702 3502 inde
1717 3447 1864 3503 enotata:
1890 3435 1953 3501 „Et
1966 3433 2051 3502 boc”
2065 3453 2113 3499 sc.

393 3539 479 3606 »iam
493 3542 678 3624 perceptis,
706 3550 816 3604 amoto
831 3559 891 3622 eo,
914 3541 1016 3627 quiin
1032 3540 1151 3606 eadem
1166 3559 1221 3607 ec·
1292 3535 1382 3620 quod
1408 3539 1438 3604 si
1459 3535 1546 3606 iufra
1566 3539 1786 3626 quadraginta
1812 3539 1884 3603 dies
1906 3547 1986 3618 etc,
2016 3535 2114 3621 »quia

392 3640 515 3709 acicsia
529 3642 675 3706 intrusus
699 3649 768 3722 est,
797 3653 913 3708 nostra
932 3638 1008 3707 lreti
1027 3645 1221 3708 auctoritate
1290 3637 1445 3706 „dubium
1462 3652 1555 3723 erat,
1582 3661 1625 3706 an
1644 3641 1823 3706 interesset
1841 3658 1955 3706 eorum
1967 3636 2113 3724 appella·

393 3775 421 3810 η.
460 3791 466 3806 .
483 3742 611 3809 restitui
626 3740 767 3822 faciatis,
782 3745 986 3808 restimtionc
997 3754 1105 3810 autem
1120 3741 1221 3820 sacta,
1289 3743 1393 3814 „reJ’J
1423 3741 1457 3807 in
1486 3742 1562 3808 coll.
1578 3742 1720 3826 Gregor.
1740 3741 1829 3808 haud
1853 3749 1996 3826 recept,
2025 3739 2078 3806 ab.
2092 3757 2115 3804 a

344 3855 375 3906 15
394 3844 443 3910 nsi
459 3845 501 3910 de
516 3844 717 3930 proprietate
731 3842 817 3910 torte
833 3863 934 3928 agere
950 3843 1125 3926 volueriut,
1141 3865 1220 3910 cau·
1287 3837 1363 3905 B.B.
1380 3843 1475 3907 codd.
1490 3843 1528 3908 Ε.
1543 3844 1617 3912 Hal.
1630 3845 1670 3911 L.
1684 3844 1715 3912 3.
1732 3855 1765 3910 ot
1778 3864 1799 3910 a
1813 3839 1867 3908 Rl.
1882 3840 1932 3924 2.,
1947 3841 2010 3910 sed
2024 3859 2112 3908 serv.

394 3967 487 4012 asam
502 3946 643 4012 audiatis
660 3956 713 4010 et.
732 3991 739 4006 .
756 3995 761 4006 .
779 3947 990 4012 terminetis.”
1011 3983 1051 3994 —
1071 3948 1151 4012 ludo
1165 3944 1219 4012 Rs.
1286 3941 1320 4008 in
1334 3940 1414 4007 B.B.
1429 3947 1503 4012 cod.
1518 3945 1559 4012 A.

395 4047 423 4112 1.
439 4069 489 4114 sc.
506 4049 553 4129 1.,
582 4049 637 4112 ubi
657 4047 913 4132 reprehenditur
933 4049 1065 4134 quidam
1087 4051 1219 4132 episco-
1332 4042 1390 4128 ll)
1433 4049 1480 4110 ut
1492 4050 1551 4112 lroc
1564 4055 1598 4112 in
1613 4071 1697 4113 erue.
1715 4051 1824 4114 eioriid.
1842 4091 1875 4112 ..
1903 4043 2029 4112 similit.
2044 4043 2113 4130 qni·

393 4169 493 4233 spus,
513 4151 588 4236 quia
602 4150 705 4215 noluit
719 4149 931 4235 appellationi
946 4147 1098 4232 deferre,
1121 4169 1220 4235 quam
1289 4143 1366 4209 dem
1382 4149 1514 4212 Ducunt.
1528 4173 1575 4232 ap.
1597 4149 1652 4216 lib.
1667 4150 1698 4214 2.
1713 4169 1747 4234 p.
1761 4147 1793 4215 3.
1808 4145 1841 4214 lt.
1855 4155 1878 4214 t.
1892 4143 1922 4234 §.
1939 4146 1968 4230 1,
1981 4166 2069 4212 num.
2079 4145 2113 4210 9.

391 4248 536 4318 niceerat
564 4252 697 4336 quidam
725 4253 817 4336 prior
845 4263 981 4337 propter
1009 4251 1093 4334 boc,
1131 4251 1219 4336 quod
1288 4245 1321 4310 in
1336 4243 1362 4311 f·
1385 4246 1464 4322 (nEt
1484 4251 1673 4332 praemissa
1695 4251 1841 4317 obtinent
1857 4249 1890 4316 in
1911 4247 2064 4318 civilibus
2082 4257 2115 4312 et

296 4403 303 4412 .
342 4363 376 4414 ιο
395 4353 502 4420 sidem
516 4353 698 4440 episcopus
709 4352 843 4418 volebat
857 4373 982 4440 cogere
995 4353 1160 4440 quendam
1174 4352 1222 4418 vi·
1291 4348 1538 4434 „spiritualibus
1572 4363 1605 4418 et
1635 4353 1775 4419 mixtis.”
1811 4347 2052 4418 (11.10.Αιιι1ν.
2080 4350 2114 4415 in

392 4456 538 4520 acarium
554 4454 762 4539 respondere
782 4475 887 4539 super
907 4456 1050 4542 quadam
1064 4454 1222 4536 ecclesia,
1288 4470 1322 4516 v.
1337 4452 1530 4535 obtinent),
1559 4454 1621 4520 sed
1638 4453 1748 4540 ipsum
1761 4462 1991 4541 argumentum
2005 4451 2114 4520 fusius

394 4575 513 4642 squam
528 4576 595 4648 npu
611 4556 841 4636 munumina,
868 4557 931 4622 sed
944 4559 1076 4622 nomine
1092 4556 1222 4622 abbatis
1289 4555 1452 4622 nactavit.

393 4656 627 4742 „possidebam
657 4658 778 4724 abbate
801 4659 941 4724 absente
956 4669 988 4723 et
1002 4657 1221 4742 ignorante.”)
1334 4653 1391 4739 12)
1435 4678 1512 4726 cum
1525 4679 1600 4745 seq.
1617 4678 1647 4724 c.
1660 4657 1794 4743 placuit.
1808 4656 1839 4724 9.
1937 4715 1940 4722 .

391 4759 425 4825 in
440 4756 516 4826 coll.
531 4757 673 4846 Gregor.
693 4757 782 4824 baud
800 4769 990 4843 receptum,
1019 4767 1111 4824 recte
1131 4757 1220 4824 ab.a
1333 4755 1389 4842 13)
1433 4758 1507 4825 cb
1530 4760 1572 4824 Χ.
1588 4757 1629 4825 G.
1644 4779 1675 4826 e.
1689 4768 1712 4826 t.
1726 4759 1759 4841 2,
1774 4757 1826 4825 28.
1845 4756 2010 4826 Alexand.
2023 4755 2055 4822 3.
2070 4791 2113 4804 —·
2164 4798 2166 4804 ,

344 4861 377 4914 ²⁵
394 4859 474 4928 B.B.
489 4862 587 4928 codd.
603 4859 640 4926 F..
658 4859 730 4926 Hal.
745 4860 783 4926 1.
800 4859 831 4927 3.
846 4855 981 4926 etalii.
996 4859 1045 4940 2.,
1068 4860 1131 4925 sed
1146 4880 1218 4928 ser·
1287 4853 1341 4922 Rt'.
1359 4861 1387 4922 1.
1402 4859 1569 4926 etsimilit.
1588 4859 1641 4928 iil.
1656 4860 1687 4928 2.
1704 4881 1757 4926 su.
1773 4861 1824 4941 ι1.,
1855 4861 2010 4948 quoniam
2025 4858 2114 4924 socri

391 4974 455 5030 vat.
466 4963 500 5029 in
515 4961 593 5030 B.B.
610 4962 682 5028 cod.
698 4963 741 5028 Α.
1206 4981 1208 4984 ’
1288 4977 1458 5027 »mones
1478 4963 1606 5047 passim
1627 4960 1800 5047 appellare
1814 4963 2031 5049 permittunt”
2060 4957 2112 5026 Cf.

434 5064 494 5146 111)
536 5065 575 5130 X.
592 5069 629 5129 dc
642 5067 753 5146 appell.
770 5086 795 5128 c.
812 5069 886 5148 quia
899 5068 1066 5146 requisisti.
1083 5061 1217 5138 (Coele
1290 5059 1446 5127 Glaucia
1460 5084 1492 5130 v.
1506 5067 1643 5147 passim.

391 5167 466 5230 stiur.
480 5165 511 5232 3.
527 5167 634 5244 „Quia
649 5164 983 5251 requisisticnobiS,
1012 5163 1057 5230 lili
1075 5185 1218 5251 praepo·
1331 5164 1391 5247 14)
1433 5163 1618 5252 h.t§.1t

391 5251 471 5348 siti,
487 5268 563 5354 quid
578 5269 746 5356 agendum
760 5265 821 5348 sit,
843 5265 976 5352 quando
991 5267 1218 5350 praebendam
