4770 5962
826 572 932 646 titt
964 571 1018 645 De
1032 571 1320 661 positorum-p
1336 573 1366 640 2.
1380 573 1412 642 3.
1918 574 1982 644 363

262 767 307 842 de
333 788 437 842 causa
462 789 560 863 poss.
578 761 616 858 Β,
632 761 692 838 lb.
718 787 748 838 c.
776 788 856 836 cum
890 761 1162 859 ecolesinae)
1213 764 1303 837 Item
1336 761 1477 854 dixisti,
1517 763 1614 862 quod
1647 775 1730 862 post
1755 775 1850 838 tuam
1876 791 1979 864 prae·

261 872 493 950 sentationem
520 869 648 940 factam
675 894 694 940 a
721 893 803 960 sex,
843 867 914 940 duo
941 894 984 940 ex
1008 878 1162 964 quatuor
1188 877 1462 958 consenserunt3
1503 865 1600 962 qnod
1626 879 1721 940 recte
1749 868 1823 940 lieri
1850 872 1979 966 potuit,

262 997 404 1148 pp.
431 972 552 1144 1ἑὶῗῖ
574 971 679 1144 ‘tl
696 967 1009 1144 ⁰¹lil⁸i0ll¹li
1028 968 1199 1160 tt’dt
1227 970 1851 1168 {llllll⁶‘lll.l³li'⁰l)l³“⁰‘¹''·
1867 984 1907 1043 '¹‘
1924 973 1979 1126 al'

261 1128 305 1246 ln·
323 1098 779 1268 etdetdnibbs’ralihabltio
806 1119 1073 1263 locum·hapet,
1099 1183 1139 1242 ut
1166 1119 1205 1242 in
1226 1169 1363 1244 iuribus
1390 1121 1633 1268 praeallegatls
1659 1064 2012 1270 pdtetqdlbb'dndonlt

260 1269 401 1354 tradieit
415 1276 600 1350 decretalis
616 1275 746 1369 (11.0.)
764 1276 809 1348 de
823 1274 922 1346 elect.
934 1270 1012 1363 1,6.
1030 1298 1060 1344 c.
1077 1272 1216 1344 auditis.
1224 1270 1283 1344 29.
1293 1274 1357 1363 4⁰),
1383 1299 1463 1344 nam
1480 1273 1531 1342 ibi
1544 1275 1674 1346 sactum
1689 1276 1785 1347 nullo
1803 1278 1911 1349 modo
1924 1289 1977 1349 te·

262 1381 360 1471 nuit,
399 1390 435 1450 ct
460 1379 539 1452 ideo
566 1375 789 1470 ratihabitio,
823 1374 918 1475 quod
944 1374 1189 1466 confirmaret,
1232 1400 1303 1448 nou
1329 1377 1469 1448 invenit.
1522 1375 1625 1448 Patet
1651 1403 1755 1472 ergo,
1789 1378 1887 1474 quod
1913 1403 1978 1476 per

261 1481 515 1564 confessionam
543 1481 653 1576 partis
679 1477 847 1551 adversae
873 1475 1023 1550 docuisti
1049 1476 1094 1548 dc
1119 1478 1195 1548 iure
1221 1487 1306 1568 tuo,
1335 1487 1371 1550 et
1397 1475 1504 1550 debes
1531 1478 1566 1548 in
1594 1504 1698 1552 causa
1724 1478 1893 1554 obtinere.

361 1581 396 1681 g.
447 1583 626 1673 Diximus,
671 1580 822 1678 qualiter
853 1581 924 1652 sint
957 1577 1183 1672 formandae,
1222 1605 1315 1650 nunc
1347 1578 1548 1673 videamus,
1589 1579 1716 1677 quibus
1745 1581 2060 1689 positionibusgz.

260 1710 344 1782 pars
372 1685 519 1754 adversa
546 1693 707 1754 teneatur
734 1682 950 1780 respondere
965 1679 1026 1778 41).
1079 1682 1144 1752 Est
1171 1681 1372 1772 sciendum,
1408 1681 1505 1780 quod
1529 1680 1693 1754 omnibus
1726 1683 1976 1778 positionibus,
1996 1711 2029 1763 to
2167 1709 2172 1722 ’

259 1785 450 1870 dummodo
478 1785 610 1856 sociam
635 1783 680 1856 ad
709 1809 873 1877 causam,
909 1794 946 1858 et
970 1808 1043 1855 non
1069 1781 1156 1854 liant
1181 1808 1248 1878 per
1272 1780 1380 1854 verba
1406 1784 1566 1878 negativa
1591 1784 1758 1881 implicite
1783 1786 1841 1858 vel
1867 1787 1978 1884 expli·

260 1890 346 1982 nito,
374 1901 409 1960 et
434 1887 554 1960 eadem
580 1887 708 1983 positio
737 1913 807 1958 non
834 1887 990 1957 iteretur.
1738 1949 1744 1960 ,

358 1991 560 2062 Positiones
584 1989 696 2080 enim,
723 2013 813 2085 quae
841 1987 886 2058 ad
909 2011 1049 2058 oausam
1076 2010 1149 2056 non
1173 1985 1327 2078 faciunt,
1356 2011 1429 2058 uon
1454 1983 1585 2058 debent
1612 1987 1756 2060 admitti.
1809 1989 1921 2081 Puta,
1948 1991 1979 2062 si

261 2094 411 2166 vertitur
437 2092 599 2188 quaestio
625 2090 669 2160 de
696 2103 755 2161 tua
783 2088 973 2180 eloctione,
1011 2100 1047 2158 et
1070 2098 1110 2159 tu
1139 2090 1242 2182 ponis
1269 2088 1338 2160 sie:
1375 2113 1499 2183 „pono
1526 2113 1603 2158 meo
1628 2091 1842 2184 iuramento,
1873 2092 1979 2190 „quod

224 2245 230 2256 ι
259 2196 463 2288 „contraxit
491 2191 748 2265 matrimonium
775 2189 832 2264 die
857 2189 1026 2263 dominica
1060 2190 1221 2284 proxima
1255 2199 1338 2286 post
1365 2201 1592 2285 pentecosten
1618 2215 1696 2262 cum
1727 2192 1888 2286 Bertba”,
1922 2194 1980 2266 vel
1999 2211 2030 2262 n

260 2299 333 2392 agis
362 2294 406 2368 de
432 2308 496 2368 tuo
524 2295 744 2366 matrimonio
774 2293 925 2384 metrali,
960 2303 996 2364 et
1023 2304 1063 2363 tu
1089 2293 1210 2387 ponis:
1246 2291 1372 2388 „quod
1401 2294 1436 2362 in
1463 2292 1584 2362 maiori
1611 2292 1757 2364 ccclesia
1783 2305 1839 2366 est
1861 2310 1980 2366 certus

260 2423 455 2493 „uumerus
481 2399 758 2468 canonicorum.''
811 2397 904 2466 Istae
937 2395 1130 2490 positiones
1163 2419 1234 2468 uon
1267 2393 1403 2466 l'aciunt
1435 2394 1479 2466 ad
1512 2417 1668 2484 causum,
1705 2407 1741 2466 et
1767 2395 1846 2468 ideo
1875 2397 1981 2470 iudex

244 2526 318 2574 -eas
345 2525 410 2572 nee
436 2497 638 2589 admittere,
664 2523 729 2569 neo
753 2523 836 2594 pars
862 2496 1010 2566 adversa
1038 2507 1178 2568 tenetur
1202 2494 1333 2566 talibus
1363 2495 1588 2592 respondere.
1624 2495 1694 2567 Per
1722 2498 1806 2570 istas
1832 2500 1980 2594 positio·

259 2627 321 2690 nes
344 2605 379 2671 in
407 2601 507 2673 nullo
534 2599 729 2691 relevatnr3
763 2596 862 2669 verbi
889 2599 1022 2690 gratia,
1048 2599 1099 2670 vis
1128 2595 1282 2694 probare
1308 2608 1342 2668 te
1367 2599 1587 2676 contraxisse
1614 2623 1691 2668 cum
1720 2601 1771 2672 Μ.
1797 2601 1859 2672 tali
1884 2601 1979 2692 loco,

259 2717 297 2776 et
319 2716 359 2776 tu
382 2705 504 2800 ponis,
534 2715 598 2795 „te
625 2700 819 2773 comedisse
841 2700 897 2770 die
924 2699 1100 2771 dominico
1127 2702 1164 2770 in
1190 2700 1252 2771 tali
1281 2700 1362 2772 loeo
1390 2725 1467 2770 cum
1497 2699 1538 2770 B.
1564 2699 1740 2772 muliere.'’
1790 2703 1888 2774 llaec
1913 2729 1978 2798 po·
1996 2729 2031 2782 ao

259 2809 340 2880 sitio
369 2805 426 2878 vel
451 2801 643 2890 consimilis
671 2827 742 2874 uon
767 2800 988 2898 relevat42),
1030 2803 1135 2898 quia,
1175 2803 1205 2874 si
1235 2827 1317 2898 pars
1352 2801 1582 2893 confiteatur,
1625 2827 1695 2874 non
1729 2802 1874 2900 prodest
1914 2830 1980 2903 po·
2028 2855 2031 2864 ·

260 2908 374 2996 nenti,
403 2908 494 2978 etsi
521 2916 645 2998 neget,
675 2929 745 2976 uon
771 2901 884 2976 obest.

360 3011 449 3080 Item
467 3004 910 3103 nonteneturrespoudere
928 3005 1093 3101 positioni
1107 3007 1300 3097 negativae,
1317 3006 1392 3077 sive
1404 3005 1451 3077 sit
1466 3006 1626 3097 negativa
1638 3005 1820 3103 implicite,
1838 3010 1913 3080 sive
1921 3035 1980 3080 ex·

260 3110 392 3207 plicite.
424 3107 536 3181 Verbi
552 3109 681 3201 gratia:
706 3131 830 3202 „pono
844 3133 921 3178 meo
935 3110 1142 3198 iuramento,
1158 3109 1240 3204 quia
1255 3106 1359 3180 talem
1377 3107 1557 3180 mulierem
1573 3133 1646 3178 non
1662 3110 1847 3200 cognovi?
1885 3113 1982 3184 Haeo

260 3223 315 3286 est
350 3211 512 3304 negativa
547 3209 719 3307 explicite.
771 3209 840 3280 Vel
866 3210 936 3281 sie:
980 3234 1124 3304 „pouo,
1167 3209 1264 3305 quod
1300 3222 1460 3305 tempore
1500 3208 1684 3281 electionis
1715 3235 1812 3283 meae
1834 3224 1981 3286 tantum
1999 3231 2032 3286 2⁵

261 3325 443 3412 „quatuor
470 3337 515 3384 ex
537 3313 711 3384 canonicis
737 3313 882 3384 suerunt
909 3310 1106 3382 absentes?
1155 3312 1203 3381 Et
1231 3310 1317 3383 baec
1343 3323 1398 3384 est
1423 3311 1602 3406 implicita.
1654 3310 1725 3382 Sed
1753 3325 1857 3407 note,
1885 3315 1982 3413 quod

260 3421 348 3490 istae
375 3413 592 3488 elocutiones
609 3413 658 3510 13)
690 3412 878 3507 „tautum”
914 3424 950 3486 ct
983 3412 1153 3505 „solum”
1179 3424 1214 3484 et
1239 3413 1437 3488 consimiles
1463 3413 1595 3487 faciunt
1620 3412 1821 3509 implicitam
1851 3419 1983 3512 negati·

263 3545 351 3589 vam.
404 3516 463 3588 Sic
487 3541 572 3608 ergo
600 3517 753 3613 positio,
795 3514 950 3612 quaest)
984 3512 1091 3585 babet
1117 3516 1310 3607 negativam
1338 3514 1541 3610 implicitam
1568 3516 1624 3587 vel
1652 3514 1871 3612 explicitam,
1911 3545 1982 3592 non

261 3632 317 3693 est
343 3618 578 3709 admittenda,
615 3618 697 3715 quia
724 3643 796 3689 uon
827 3627 946 3714 potest
975 3614 1129 3711 probari.
1158 3627 1197 3686 ut
1224 3618 1269 3685 X.
1296 3618 1337 3688 G.
1364 3617 1408 3688 de
1433 3616 1532 3688 elect.
1549 3614 1634 3711 t,6.
1662 3645 1691 3689 c.
1717 3616 1842 3692 bonae.
1858 3619 1920 3693 25.
1946 3633 1982 3694 et

263 3722 307 3795 de
335 3729 471 3794 renunt.
490 3716 525 3812 l,
543 3717 578 3790 9.
616 3746 646 3792 c.
678 3745 786 3816 super
811 3718 890 3789 boe.
903 3715 938 3787 5.
974 3717 1018 3789 de
1053 3742 1155 3788 eausa
1190 3743 1344 3812 possess.
1363 3715 1400 3810 Β,
1419 3714 1476 3804 11.
1511 3745 1540 3789 e.
1575 3745 1654 3792 cum
1689 3717 1899 3792 ecclesia5.
1933 3722 1977 3794 de
1997 3741 2032 3794 ³⁰

265 3821 403 3918 probat.
422 3816 460 3913 Β,
479 3818 536 3892 19.
560 3849 589 3893 c.
617 3823 792 3917 quoniam.
809 3817 868 3890 ll.
882 3817 932 3913 45)
961 3830 996 3890 ct
1022 3847 1052 3892 c.
1079 3819 1122 3890 ad
1151 3831 1319 3890 nostram.
1337 3817 1395 3890 11.
1411 3820 1459 3910 46)
1503 3819 1573 3892 Sed
1602 3822 1739 3892 videtur
1768 3835 1890 3894 eontra
1920 3824 1981 3904 (X.

265 3923 322 4018 G.)
349 3925 393 3996 de
420 3921 562 4020 probat.
578 3921 616 4015 Β,
637 3920 692 3993 19.
718 3949 749 3994 e.
777 3923 891 3993 tertio.
907 3917 1014 4018 5.⁴⁷)·
1041 3932 1076 3991 et
1104 3921 1148 3992 de
1177 3921 1292 3992 testib.
1309 3919 1425 4014 *1,20)
1452 3949 1481 3994 c.
1511 3950 1553 3994 ex
1584 3935 1715 3993 tenore.
1730 3917 1791 3994 55.
1808 3923 1857 4020 18)
1910 3925 1981 3997 Re·

267 4023 443 4122 spondeo:
468 4026 502 4094 in
525 4024 654 4095 decret.
674 4023 846 4116 „tertio”
875 4049 945 4094 non
972 4019 1145 4118 probatur
1170 4025 1344 4116 negativa,
1372 4024 1434 4094 sed
1460 4024 1679 4114 allirmativa,
1712 4022 1858 4117 seilicet,
1886 4027 1983 4126 quod

262 4126 399 4218 norw)
435 4151 554 4198 eorum
586 4151 726 4223 semper
754 4127 822 4198 luit
855 4125 1026 4196 unanimis
1059 4150 1269 4198 conservare
1305 4151 1361 4197 res
1394 4127 1547 4218 integras
1578 4125 1791 4198 monasterii.
1842 4129 1889 4201 Et
1915 4129 1982 4202 boc

309 4481 366 4558 36)
408 4480 502 4546 verb.
523 4476 739 4544 „electionem
761 4477 881 4544 tactam
904 4483 955 4546 ets
978 4524 1011 4544 ..
1034 4499 1090 4544 ex·
1201 4479 1254 4554 tt)
1299 4481 1424 4541 relavat.
1441 4513 1482 4524 -
1497 4475 1536 4541 Β.
1553 4477 1711 4545 „Rudet”
1726 4483 1947 4566 (respondet.)

267 4581 390 4650 »clusis
407 4581 617 4648 decrevimus
634 4581 855 4646 irritandam.’'
870 4579 981 4647 lnnon
995 4577 1026 4644 3.
1203 4578 1256 4650 43)
1301 4582 1497 4642 elocutiones.
1514 4615 1554 4628 -
1570 4579 1609 4648 B.
1627 4582 1856 4648 „eleot’ones”

307 4685 366 4768 37)
409 4703 485 4768 pag.
501 4681 575 4748 362.
605 4701 694 4748 vers.
710 4681 762 4746 29.
800 4679 850 4746 cf.
876 4681 980 4747 Gtoar.
1003 4682 1037 4746 in
1059 4701 1090 4746 v.
1201 4681 1260 4764 44)
1303 4697 1390 4762 quae.
1407 4679 1445 4746 B.
1461 4701 1524 4749 cun
1763 4733 1768 4744 .

259 4788 463 4870 ¹consentire.
903 4793 907 4800 “
1202 4783 1261 4865 45)
1305 4779 1353 4846 Cf.
1370 4801 1444 4862 sup.
1459 4793 1525 4848 not.
1543 4784 1591 4849 16.
1610 4785 1658 4850 17.
1675 4783 1725 4850 18.
1743 4785 1792 4852 19.

307 4888 361 4968 38)
408 4887 548 4970 Gregor.
561 4885 591 4950 9.
615 4881 666 4950 Cf.
682 4885 786 4948 Glosa.
804 4887 835 4948 in
851 4907 883 4948 v.
900 4885 1042 4954 valebat.
1202 4884 1260 4966 46)
1304 4883 1424 4947 Honor.
1440 4881 1470 4948 3.
2000 4901 2016 4951 5

307 4989 365 5072 39)
407 4996 561 5072 pausatum.
577 5023 616 5036 --
632 4987 683 5062 B.,
698 4986 805 5070 qutu.’'
1202 4985 1260 5068 47)
1305 4984 1409 5052 Clem.
1425 4983 1472 5058 3..

308 5093 366 5172 40)
409 5091 567 5156 lunone.
1202 5085 1263 5160 48)
1307 5088 1416 5154 lunoc.
1432 5087 1461 5152 3.

308 5193 364 5268 41)
408 5191 448 5258 Β.
470 5191 573 5256 inser.
603 5187 752 5262 »Quibus
775 5189 991 5275 positionibus
1018 5191 1092 5274 quis
1202 5188 1260 5270 49)
1303 5211 1376 5256 von.
1393 5225 1434 5240 ·-
1449 5189 1487 5252 Β.
1505 5191 1642 5254 „oxon”

267 5303 438 5362 „teneatur
452 5291 688 5376 respondere.'’

1703 5378 1778 5451 461
