<?xml version="1.0" encoding="UTF-8"?>
<!DOCTYPE html PUBLIC "-//W3C//DTD XHTML 1.0 Transitional//EN"
    "http://www.w3.org/TR/xhtml1/DTD/xhtml1-transitional.dtd">
<html xmlns="http://www.w3.org/1999/xhtml" xml:lang="en" lang="en">
 <head>
  <title>
</title>
<meta http-equiv="Content-Type" content="text/html;charset=utf-8" />
  <meta name='ocr-system' content='tesseract 3.04.00' />
  <meta name='ocr-capabilities' content='ocr_page ocr_carea ocr_par ocr_line ocrx_word'/>
</head>
<body>
  <div class='ocr_page' id='page_1' title='image "./piliitancredigr00aretgoog_0021.png"; bbox 0 0 4786 5962; ppageno 0'>
   <div class='ocr_carea' id='block_1_1' title="bbox 382 603 461 649">
    <p class='ocr_par' dir='ltr' id='par_1_1' title="bbox 382 603 461 649">
     <span class='ocr_line' id='line_1_1' title="bbox 382 603 461 649; baseline -0.038 0"><span class='ocrx_word' id='word_1_1' title='bbox 382 603 461 649; x_wconf 76' lang='lat' dir='ltr'>xvttt</span> 
     </span>
    </p>
   </div>
   <div class='ocr_carea' id='block_1_2' title="bbox 385 764 2107 986">
    <p class='ocr_par' dir='ltr' id='par_1_2' title="bbox 385 764 2107 986">
     <span class='ocr_line' id='line_1_2' title="bbox 385 764 2104 882; baseline -0.005 -34"><span class='ocrx_word' id='word_1_2' title='bbox 385 772 630 869; x_wconf 70' lang='lat' dir='ltr'>inscriptiones</span> <span class='ocrx_word' id='word_1_3' title='bbox 656 795 701 846; x_wconf 91' lang='lat' dir='ltr'>ex</span> <span class='ocrx_word' id='word_1_4' title='bbox 724 768 798 863; x_wconf 84' lang='lat' dir='ltr'>bis,</span> <span class='ocrx_word' id='word_1_5' title='bbox 827 791 916 867; x_wconf 88' lang='lat' dir='ltr'>qnae</span> <span class='ocrx_word' id='word_1_6' title='bbox 940 766 976 839; x_wconf 89' lang='lat' dir='ltr'>in</span> <span class='ocrx_word' id='word_1_7' title='bbox 1002 768 1082 866; x_wconf 85' lang='lat' dir='ltr'>ipso</span> <span class='ocrx_word' id='word_1_8' title='bbox 1108 765 1201 841; x_wconf 92' lang='lat' dir='ltr'>libro</span> <span class='ocrx_word' id='word_1_9' title='bbox 1229 768 1406 882; x_wconf 75' lang='lat' dir='ltr'>expressis</span> <span class='ocrx_word' id='word_1_10' title='bbox 1433 764 1552 840; x_wconf 83' lang='lat' dir='ltr'>verbis</span> <span class='ocrx_word' id='word_1_11' title='bbox 1579 767 1709 842; x_wconf 83' lang='lat' dir='ltr'>tradita</span> <span class='ocrx_word' id='word_1_12' title='bbox 1733 779 1839 864; x_wconf 88' lang='lat' dir='ltr'>suot,</span> <span class='ocrx_word' id='word_1_13' title='bbox 1869 767 2104 865; x_wconf 62' lang='lat' dir='ltr'>resumsiwp</span> 
     </span>
     <span class='ocr_line' id='line_1_3' title="bbox 386 884 2107 986; baseline -0.003 -18"><span class='ocrx_word' id='word_1_14' title='bbox 386 905 521 968; x_wconf 86' lang='lat' dir='ltr'>ceteras</span> <span class='ocrx_word' id='word_1_15' title='bbox 549 901 665 962; x_wconf 88' lang='lat' dir='ltr'>autem</span> <span class='ocrx_word' id='word_1_16' title='bbox 690 891 738 962; x_wconf 89' lang='lat' dir='ltr'>ita</span> <span class='ocrx_word' id='word_1_17' title='bbox 764 887 911 982; x_wconf 75' lang='lat' dir='ltr'>elegisse</span> <span class='ocrx_word' id='word_1_18' title='bbox 937 884 1020 958; x_wconf 85' lang='lat' dir='ltr'>milri</span> <span class='ocrx_word' id='word_1_19' title='bbox 1055 884 1198 982; x_wconf 84' lang='lat' dir='ltr'>videor,</span> <span class='ocrx_word' id='word_1_20' title='bbox 1241 900 1283 961; x_wconf 92' lang='lat' dir='ltr'>ut</span> <span class='ocrx_word' id='word_1_21' title='bbox 1314 915 1334 960; x_wconf 92' lang='lat' dir='ltr'>a</span> <span class='ocrx_word' id='word_1_22' title='bbox 1366 889 1551 986; x_wconf 87' lang='lat' dir='ltr'>proposito</span> <span class='ocrx_word' id='word_1_23' title='bbox 1586 898 1622 960; x_wconf 90' lang='lat' dir='ltr'>et</span> <span class='ocrx_word' id='word_1_24' title='bbox 1652 888 1800 961; x_wconf 87' lang='lat' dir='ltr'>consilio</span> <span class='ocrx_word' id='word_1_25' title='bbox 1836 889 1987 962; x_wconf 87' lang='lat' dir='ltr'>auctoris</span> <span class='ocrx_word' id='word_1_26' title='bbox 2013 887 2107 962; x_wconf 86' lang='lat' dir='ltr'>band</span> 
     </span>
    </p>
   </div>
   <div class='ocr_carea' id='block_1_3' title="bbox 312 1004 2108 2652">
    <p class='ocr_par' dir='ltr' id='par_1_3' title="bbox 312 1004 2106 1343">
     <span class='ocr_line' id='line_1_4' title="bbox 385 1004 2106 1107; baseline -0.002 -23"><span class='ocrx_word' id='word_1_27' title='bbox 385 1011 599 1084; x_wconf 87' lang='lat' dir='ltr'>discederem</span> <span class='ocrx_word' id='word_1_28' title='bbox 618 1006 681 1107; x_wconf 79' lang='lat'>⁸⁰).</span> <span class='ocrx_word' id='word_1_29' title='bbox 758 1007 898 1100; x_wconf 86' lang='lat' dir='ltr'>Singuli</span> <span class='ocrx_word' id='word_1_30' title='bbox 932 1004 1071 1103; x_wconf 83' lang='lat' dir='ltr'>aliquot</span> <span class='ocrx_word' id='word_1_31' title='bbox 1105 1004 1175 1079; x_wconf 92' lang='lat' dir='ltr'>loci</span> <span class='ocrx_word' id='word_1_32' title='bbox 1210 1009 1378 1081; x_wconf 82' lang='lat' dir='ltr'>liurantis</span> <span class='ocrx_word' id='word_1_33' title='bbox 1419 1007 1620 1079; x_wconf 89' lang='lat' dir='ltr'>testimonio</span> <span class='ocrx_word' id='word_1_34' title='bbox 1658 1007 1854 1080; x_wconf 81' lang='lat' dir='ltr'>confirmati</span> <span class='ocrx_word' id='word_1_35' title='bbox 1893 1019 1996 1104; x_wconf 70' lang='lat' dir='ltr'>suot,</span> <span class='ocrx_word' id='word_1_36' title='bbox 2043 1007 2106 1080; x_wconf 91' lang='lat' dir='ltr'>scd</span> 
     </span>
     <span class='ocr_line' id='line_1_5' title="bbox 312 1122 2106 1227; baseline 0.001 -29"><span class='ocrx_word' id='word_1_37' title='bbox 312 1191 316 1198; x_wconf 87' lang='lat'>.</span> <span class='ocrx_word' id='word_1_38' title='bbox 387 1127 667 1204; x_wconf 74' lang='lat' dir='ltr'>accuratioribus</span> <span class='ocrx_word' id='word_1_39' title='bbox 704 1125 873 1200; x_wconf 88' lang='lat' dir='ltr'>lobannis</span> <span class='ocrx_word' id='word_1_40' title='bbox 898 1123 1063 1198; x_wconf 75' lang='lat' dir='ltr'>Andreae</span> <span class='ocrx_word' id='word_1_41' title='bbox 1098 1127 1209 1222; x_wconf 85' lang='lat' dir='ltr'>euris,</span> <span class='ocrx_word' id='word_1_42' title='bbox 1251 1127 1314 1227; x_wconf 93' lang='lat' dir='ltr'>qui</span> <span class='ocrx_word' id='word_1_43' title='bbox 1340 1125 1479 1198; x_wconf 86' lang='lat' dir='ltr'>Gratiae</span> <span class='ocrx_word' id='word_1_44' title='bbox 1504 1122 1634 1198; x_wconf 89' lang='lat' dir='ltr'>librum</span> <span class='ocrx_word' id='word_1_45' title='bbox 1668 1151 1708 1199; x_wconf 91' lang='lat' dir='ltr'>sc</span> <span class='ocrx_word' id='word_1_46' title='bbox 1744 1152 1817 1199; x_wconf 91' lang='lat' dir='ltr'>non</span> <span class='ocrx_word' id='word_1_47' title='bbox 1850 1125 1981 1199; x_wconf 80' lang='lat' dir='ltr'>vidisse</span> <span class='ocrx_word' id='word_1_48' title='bbox 2021 1151 2106 1224; x_wconf 92' lang='lat' dir='ltr'>pro·</span> 
     </span>
     <span class='ocr_line' id='line_1_6' title="bbox 385 1233 1819 1343; baseline -0.014 -21"><span class='ocrx_word' id='word_1_49' title='bbox 385 1249 504 1322; x_wconf 84' lang='lat' dir='ltr'>lessus</span> <span class='ocrx_word' id='word_1_50' title='bbox 529 1246 668 1343; x_wconf 78' lang='lat' dir='ltr'>est⁰⁰)‚</span> <span class='ocrx_word' id='word_1_51' title='bbox 696 1247 748 1318; x_wconf 90' lang='lat' dir='ltr'>uti</span> <span class='ocrx_word' id='word_1_52' title='bbox 774 1271 846 1317; x_wconf 90' lang='lat' dir='ltr'>non</span> <span class='ocrx_word' id='word_1_53' title='bbox 872 1245 982 1316; x_wconf 91' lang='lat' dir='ltr'>licuit.</span> <span class='ocrx_word' id='word_1_54' title='bbox 1815 1233 1819 1247; x_wconf 92' lang='lat'><em>&#39;</em></span> 
     </span>
    </p>

    <p class='ocr_par' dir='ltr' id='par_1_4' title="bbox 385 1361 2108 2652">
     <span class='ocr_line' id='line_1_7' title="bbox 485 1361 2107 1464; baseline 0.002 -26"><span class='ocrx_word' id='word_1_55' title='bbox 485 1367 671 1440; x_wconf 86' lang='lat' dir='ltr'>Postremo</span> <span class='ocrx_word' id='word_1_56' title='bbox 689 1363 858 1437; x_wconf 90' lang='lat' dir='ltr'>nonnulla</span> <span class='ocrx_word' id='word_1_57' title='bbox 878 1361 1037 1436; x_wconf 86' lang='lat' dir='ltr'>addenda</span> <span class='ocrx_word' id='word_1_58' title='bbox 1053 1373 1151 1458; x_wconf 84' lang='lat' dir='ltr'>sunt,</span> <span class='ocrx_word' id='word_1_59' title='bbox 1177 1387 1269 1463; x_wconf 88' lang='lat' dir='ltr'>quac</span> <span class='ocrx_word' id='word_1_60' title='bbox 1295 1363 1340 1435; x_wconf 92' lang='lat' dir='ltr'>ad</span> <span class='ocrx_word' id='word_1_61' title='bbox 1367 1387 1489 1436; x_wconf 87' lang='lat' dir='ltr'>omnes</span> <span class='ocrx_word' id='word_1_62' title='bbox 1514 1362 1685 1438; x_wconf 84' lang='lat' dir='ltr'>editorum</span> <span class='ocrx_word' id='word_1_63' title='bbox 1712 1361 1883 1438; x_wconf 87' lang='lat' dir='ltr'>librorum</span> <span class='ocrx_word' id='word_1_64' title='bbox 1907 1376 2028 1464; x_wconf 86' lang='lat' dir='ltr'>partes</span> <span class='ocrx_word' id='word_1_65' title='bbox 2050 1393 2107 1442; x_wconf 90' lang='lat' dir='ltr'>re·</span> 
     </span>
     <span class='ocr_line' id='line_1_8' title="bbox 386 1488 1572 1559; baseline -0.003 0"><span class='ocrx_word' id='word_1_66' title='bbox 386 1488 548 1559; x_wconf 86' lang='lat' dir='ltr'>eiciunt.</span> <span class='ocrx_word' id='word_1_67' title='bbox 1570 1501 1572 1508; x_wconf 72' lang='grc'><strong>“</strong></span> 
     </span>
     <span class='ocr_line' id='line_1_9' title="bbox 405 1513 2108 1706; baseline -0.002 -28"><span class='ocrx_word' id='word_1_68' title='bbox 405 1513 431 1587; x_wconf 67' lang='lat' dir='ltr'><strong>P</strong></span> <span class='ocrx_word' id='word_1_69' title='bbox 486 1605 625 1678; x_wconf 81' lang='lat' dir='ltr'>Etenim</span> <span class='ocrx_word' id='word_1_70' title='bbox 644 1629 717 1676; x_wconf 91' lang='lat' dir='ltr'>non</span> <span class='ocrx_word' id='word_1_71' title='bbox 739 1600 856 1678; x_wconf 90' lang='lat' dir='ltr'>solum</span> <span class='ocrx_word' id='word_1_72' title='bbox 873 1599 1097 1674; x_wconf 85' lang='lat' dir='ltr'>efficiendum</span> <span class='ocrx_word' id='word_1_73' title='bbox 1114 1611 1202 1695; x_wconf 92' lang='lat' dir='ltr'>erat,</span> <span class='ocrx_word' id='word_1_74' title='bbox 1229 1613 1269 1673; x_wconf 92' lang='lat' dir='ltr'>ut</span> <span class='ocrx_word' id='word_1_75' title='bbox 1294 1603 1409 1673; x_wconf 91' lang='lat' dir='ltr'>omnia</span> <span class='ocrx_word' id='word_1_76' title='bbox 1433 1602 1538 1676; x_wconf 88' lang='lat' dir='ltr'>laoile</span> <span class='ocrx_word' id='word_1_77' title='bbox 1563 1612 1600 1674; x_wconf 94' lang='lat' dir='ltr'>et</span> <span class='ocrx_word' id='word_1_78' title='bbox 1626 1601 1809 1675; x_wconf 85' lang='lat' dir='ltr'>commode</span> <span class='ocrx_word' id='word_1_79' title='bbox 1836 1601 2108 1706; x_wconf 70' lang='lat' dir='ltr'>legerenturffl),</span> 
     </span>
     <span class='ocr_line' id='line_1_10' title="bbox 385 1717 2107 1821; baseline 0 -25"><span class='ocrx_word' id='word_1_80' title='bbox 385 1721 448 1796; x_wconf 86' lang='lat' dir='ltr'>sed</span> <span class='ocrx_word' id='word_1_81' title='bbox 475 1734 510 1796; x_wconf 89' lang='lat' dir='ltr'>et</span> <span class='ocrx_word' id='word_1_82' title='bbox 537 1722 677 1794; x_wconf 87' lang='lat' dir='ltr'>aliunde</span> <span class='ocrx_word' id='word_1_83' title='bbox 703 1719 944 1820; x_wconf 89' lang='lat' dir='ltr'>conquirenda</span> <span class='ocrx_word' id='word_1_84' title='bbox 970 1745 1048 1794; x_wconf 91' lang='lat' dir='ltr'>esse</span> <span class='ocrx_word' id='word_1_85' title='bbox 1073 1717 1301 1814; x_wconf 80' lang='lat' dir='ltr'>videbantur,</span> <span class='ocrx_word' id='word_1_86' title='bbox 1341 1745 1434 1821; x_wconf 90' lang='lat' dir='ltr'>qnae</span> <span class='ocrx_word' id='word_1_87' title='bbox 1466 1721 1523 1794; x_wconf 80' lang='lat' dir='ltr'>rel</span> <span class='ocrx_word' id='word_1_88' title='bbox 1557 1721 1747 1815; x_wconf 88' lang='lat' dir='ltr'>genuinum</span> <span class='ocrx_word' id='word_1_89' title='bbox 1778 1721 1924 1794; x_wconf 89' lang='lat' dir='ltr'>alicuius</span> <span class='ocrx_word' id='word_1_90' title='bbox 1952 1725 2107 1821; x_wconf 84' lang='lat' dir='ltr'>particu-</span> 
     </span>
     <span class='ocr_line' id='line_1_11' title="bbox 385 1837 2106 1938; baseline 0.001 -24"><span class='ocrx_word' id='word_1_91' title='bbox 385 1843 440 1916; x_wconf 91' lang='lat' dir='ltr'>lae</span> <span class='ocrx_word' id='word_1_92' title='bbox 468 1852 672 1914; x_wconf 91' lang='lat' dir='ltr'>contextum</span> <span class='ocrx_word' id='word_1_93' title='bbox 703 1837 995 1938; x_wconf 77' lang='lat' dir='ltr'>comprobarent,</span> <span class='ocrx_word' id='word_1_94' title='bbox 1021 1837 1079 1911; x_wconf 83' lang='lat' dir='ltr'>vel</span> <span class='ocrx_word' id='word_1_95' title='bbox 1104 1839 1254 1932; x_wconf 88' lang='lat' dir='ltr'>singulis</span> <span class='ocrx_word' id='word_1_96' title='bbox 1278 1837 1382 1910; x_wconf 89' lang='lat' dir='ltr'>dictis</span> <span class='ocrx_word' id='word_1_97' title='bbox 1408 1852 1444 1912; x_wconf 91' lang='lat' dir='ltr'>et</span> <span class='ocrx_word' id='word_1_98' title='bbox 1469 1843 1682 1934; x_wconf 88' lang='lat' dir='ltr'>argumentis</span> <span class='ocrx_word' id='word_1_99' title='bbox 1709 1865 1754 1912; x_wconf 86' lang='lat' dir='ltr'>cx</span> <span class='ocrx_word' id='word_1_100' title='bbox 1780 1853 1963 1913; x_wconf 89' lang='lat' dir='ltr'>auctorum</span> <span class='ocrx_word' id='word_1_101' title='bbox 1989 1853 2106 1915; x_wconf 85' lang='lat' dir='ltr'>mente</span> 
     </span>
     <span class='ocr_line' id='line_1_12' title="bbox 385 1955 2106 2058; baseline -0.001 -25"><span class='ocrx_word' id='word_1_102' title='bbox 385 1963 452 2033; x_wconf 89' lang='lat' dir='ltr'>rite</span> <span class='ocrx_word' id='word_1_103' title='bbox 479 1958 714 2054; x_wconf 88' lang='lat' dir='ltr'>intelligendis</span> <span class='ocrx_word' id='word_1_104' title='bbox 740 1960 961 2031; x_wconf 85' lang='lat' dir='ltr'>inservirent.</span> <span class='ocrx_word' id='word_1_105' title='bbox 1013 1959 1055 2030; x_wconf 92' lang='lat' dir='ltr'>ln</span> <span class='ocrx_word' id='word_1_106' title='bbox 1079 1955 1132 2028; x_wconf 78' lang='lat' dir='ltr'>lais</span> <span class='ocrx_word' id='word_1_107' title='bbox 1159 1984 1264 2051; x_wconf 87' lang='lat' dir='ltr'>vern,</span> <span class='ocrx_word' id='word_1_108' title='bbox 1298 1985 1343 2030; x_wconf 91' lang='lat' dir='ltr'>nc</span> <span class='ocrx_word' id='word_1_109' title='bbox 1369 1960 1448 2056; x_wconf 89' lang='lat' dir='ltr'>quis</span> <span class='ocrx_word' id='word_1_110' title='bbox 1474 1960 1671 2058; x_wconf 91' lang='lat' dir='ltr'>antiquiora</span> <span class='ocrx_word' id='word_1_111' title='bbox 1705 1972 1740 2033; x_wconf 88' lang='lat' dir='ltr'>et</span> <span class='ocrx_word' id='word_1_112' title='bbox 1764 1960 1980 2053; x_wconf 86' lang='lat' dir='ltr'>recentiore,</span> <span class='ocrx_word' id='word_1_113' title='bbox 2015 1988 2046 2034; x_wconf 92' lang='grc' dir='ltr'>ο.</span> <span class='ocrx_word' id='word_1_114' title='bbox 2071 1989 2106 2056; x_wconf 82' lang='lat' dir='ltr'>g.</span> 
     </span>
     <span class='ocr_line' id='line_1_13' title="bbox 385 2075 2108 2178; baseline 0 -26"><span class='ocrx_word' id='word_1_115' title='bbox 385 2081 422 2152; x_wconf 91' lang='lat' dir='ltr'>in</span> <span class='ocrx_word' id='word_1_116' title='bbox 448 2078 648 2178; x_wconf 74' lang='lat' dir='ltr'>glossis92),</span> <span class='ocrx_word' id='word_1_117' title='bbox 676 2105 767 2177; x_wconf 91' lang='lat' dir='ltr'>quae</span> <span class='ocrx_word' id='word_1_118' title='bbox 792 2089 875 2176; x_wconf 86' lang='lat' dir='ltr'>post</span> <span class='ocrx_word' id='word_1_119' title='bbox 905 2076 1000 2148; x_wconf 89' lang='lat' dir='ltr'>Pillii</span> <span class='ocrx_word' id='word_1_120' title='bbox 1028 2087 1064 2149; x_wconf 89' lang='lat' dir='ltr'>et</span> <span class='ocrx_word' id='word_1_121' title='bbox 1090 2076 1264 2148; x_wconf 85' lang='lat' dir='ltr'>Tancredi</span> <span class='ocrx_word' id='word_1_122' title='bbox 1290 2075 1403 2148; x_wconf 86' lang='lat' dir='ltr'>libros</span> <span class='ocrx_word' id='word_1_123' title='bbox 1429 2077 1597 2150; x_wconf 87' lang='lat' dir='ltr'>collectae</span> <span class='ocrx_word' id='word_1_124' title='bbox 1623 2089 1719 2171; x_wconf 89' lang='lat' dir='ltr'>sunt,</span> <span class='ocrx_word' id='word_1_125' title='bbox 1748 2079 1782 2148; x_wconf 92' lang='lat' dir='ltr'>in</span> <span class='ocrx_word' id='word_1_126' title='bbox 1809 2077 2031 2152; x_wconf 78' lang='lat' dir='ltr'>adnotatione</span> <span class='ocrx_word' id='word_1_127' title='bbox 2057 2081 2108 2154; x_wconf 89' lang='lat' dir='ltr'>al·</span> 
     </span>
     <span class='ocr_line' id='line_1_14' title="bbox 386 2196 2108 2297; baseline 0.002 -28"><span class='ocrx_word' id='word_1_128' title='bbox 386 2198 534 2292; x_wconf 84' lang='lat' dir='ltr'>legatis,</span> <span class='ocrx_word' id='word_1_129' title='bbox 572 2225 696 2297; x_wconf 90' lang='lat' dir='ltr'>parum</span> <span class='ocrx_word' id='word_1_130' title='bbox 720 2210 816 2270; x_wconf 90' lang='lat' dir='ltr'>recte</span> <span class='ocrx_word' id='word_1_131' title='bbox 840 2197 1035 2294; x_wconf 90' lang='lat' dir='ltr'>composita</span> <span class='ocrx_word' id='word_1_132' title='bbox 1066 2196 1227 2294; x_wconf 81' lang='lat' dir='ltr'>adeoque</span> <span class='ocrx_word' id='word_1_133' title='bbox 1253 2206 1414 2293; x_wconf 89' lang='lat' dir='ltr'>tempora</span> <span class='ocrx_word' id='word_1_134' title='bbox 1441 2208 1637 2294; x_wconf 86' lang='lat' dir='ltr'>permutata</span> <span class='ocrx_word' id='word_1_135' title='bbox 1666 2221 1743 2268; x_wconf 85' lang='lat' dir='ltr'>esse</span> <span class='ocrx_word' id='word_1_136' title='bbox 1768 2196 1912 2291; x_wconf 84' lang='lat' dir='ltr'>dixerit,</span> <span class='ocrx_word' id='word_1_137' title='bbox 1954 2198 2022 2272; x_wconf 84' lang='lat' dir='ltr'>lton</span> <span class='ocrx_word' id='word_1_138' title='bbox 2048 2225 2108 2273; x_wconf 87' lang='grc' dir='ltr'>νο·</span> 
     </span>
     <span class='ocr_line' id='line_1_15' title="bbox 387 2313 2108 2410; baseline 0.002 -22"><span class='ocrx_word' id='word_1_139' title='bbox 387 2317 446 2388; x_wconf 90' lang='lat' dir='ltr'>lim</span> <span class='ocrx_word' id='word_1_140' title='bbox 472 2317 625 2390; x_wconf 90' lang='lat' dir='ltr'>monitos</span> <span class='ocrx_word' id='word_1_141' title='bbox 651 2343 730 2392; x_wconf 88' lang='lat' dir='ltr'>esse</span> <span class='ocrx_word' id='word_1_142' title='bbox 757 2318 929 2408; x_wconf 87' lang='lat' dir='ltr'>lectores,</span> <span class='ocrx_word' id='word_1_143' title='bbox 971 2315 1088 2387; x_wconf 89' lang='lat' dir='ltr'>mein</span> <span class='ocrx_word' id='word_1_144' title='bbox 1115 2313 1283 2410; x_wconf 76' lang='lat' dir='ltr'>eligendis</span> <span class='ocrx_word' id='word_1_145' title='bbox 1317 2313 1518 2386; x_wconf 88' lang='lat' dir='ltr'>huiuamodi</span> <span class='ocrx_word' id='word_1_146' title='bbox 1549 2315 1637 2387; x_wconf 87' lang='lat' dir='ltr'>locis</span> <span class='ocrx_word' id='word_1_147' title='bbox 1667 2314 1926 2388; x_wconf 88' lang='lat' dir='ltr'>recentioribus</span> <span class='ocrx_word' id='word_1_148' title='bbox 1954 2318 2002 2391; x_wconf 91' lang='lat' dir='ltr'>itu</span> <span class='ocrx_word' id='word_1_149' title='bbox 2028 2345 2108 2392; x_wconf 86' lang='grc' dir='ltr'><strong>νοτ·</strong></span> 
     </span>
     <span class='ocr_line' id='line_1_16' title="bbox 387 2434 2108 2536; baseline 0.002 -30"><span class='ocrx_word' id='word_1_150' title='bbox 387 2447 500 2508; x_wconf 90' lang='lat' dir='ltr'>saturn</span> <span class='ocrx_word' id='word_1_151' title='bbox 526 2461 623 2530; x_wconf 87' lang='lat' dir='ltr'>esse,</span> <span class='ocrx_word' id='word_1_152' title='bbox 662 2449 702 2508; x_wconf 91' lang='lat' dir='ltr'>ut</span> <span class='ocrx_word' id='word_1_153' title='bbox 736 2435 790 2507; x_wconf 88' lang='lat' dir='ltr'>bis</span> <span class='ocrx_word' id='word_1_154' title='bbox 822 2435 972 2506; x_wconf 83' lang='lat' dir='ltr'>maxime</span> <span class='ocrx_word' id='word_1_155' title='bbox 1006 2446 1145 2528; x_wconf 88' lang='lat' dir='ltr'>uterer,</span> <span class='ocrx_word' id='word_1_156' title='bbox 1190 2459 1341 2534; x_wconf 90' lang='lat' dir='ltr'>quorum</span> <span class='ocrx_word' id='word_1_157' title='bbox 1372 2457 1493 2506; x_wconf 84' lang='lat' dir='ltr'>ueram</span> <span class='ocrx_word' id='word_1_158' title='bbox 1525 2436 1696 2530; x_wconf 80' lang='lat' dir='ltr'>originem</span> <span class='ocrx_word' id='word_1_159' title='bbox 1727 2434 1772 2506; x_wconf 89' lang='lat' dir='ltr'>ad</span> <span class='ocrx_word' id='word_1_160' title='bbox 1797 2435 1995 2536; x_wconf 85' lang='lat' dir='ltr'>antiquiora</span> <span class='ocrx_word' id='word_1_161' title='bbox 2021 2449 2108 2510; x_wconf 89' lang='lat' dir='ltr'>tern-</span> 
     </span>
     <span class='ocr_line' id='line_1_17' title="bbox 387 2541 865 2652; baseline -0.004 -26"><span class='ocrx_word' id='word_1_162' title='bbox 387 2579 478 2652; x_wconf 87' lang='lat' dir='ltr'>pora</span> <span class='ocrx_word' id='word_1_163' title='bbox 505 2555 640 2629; x_wconf 86' lang='lat' dir='ltr'>relerre</span> <span class='ocrx_word' id='word_1_164' title='bbox 665 2541 789 2628; x_wconf 87' lang='lat' dir='ltr'>liceret</span> <span class='ocrx_word' id='word_1_165' title='bbox 803 2553 865 2648; x_wconf 76' lang='lat'>⁹³).</span> 
     </span>
    </p>
   </div>
   <div class='ocr_carea' id='block_1_4' title="bbox 388 2871 2111 3166">
    <p class='ocr_par' dir='ltr' id='par_1_5' title="bbox 388 2871 2111 3166">
     <span class='ocr_line' id='line_1_18' title="bbox 432 2871 2111 2962; baseline 0.001 -20"><span class='ocrx_word' id='word_1_166' title='bbox 432 2873 492 2959; x_wconf 83' lang='lat'>88)</span> <span class='ocrx_word' id='word_1_167' title='bbox 537 2875 587 2942; x_wconf 80' lang='lat' dir='ltr'>Cf.</span> <span class='ocrx_word' id='word_1_168' title='bbox 619 2897 696 2962; x_wconf 85' lang='lat' dir='ltr'>pag.</span> <span class='ocrx_word' id='word_1_169' title='bbox 718 2874 794 2943; x_wconf 85' lang='lat'>319.</span> <span class='ocrx_word' id='word_1_170' title='bbox 822 2877 1008 2957; x_wconf 85' lang='lat' dir='ltr'>vers.18.,</span> <span class='ocrx_word' id='word_1_171' title='bbox 1037 2895 1115 2960; x_wconf 87' lang='lat' dir='ltr'>pag.</span> <span class='ocrx_word' id='word_1_172' title='bbox 1139 2873 1213 2943; x_wconf 91' lang='grc'><strong>322.</strong></span> <span class='ocrx_word' id='word_1_173' title='bbox 1284 2875 1336 2942; x_wconf 89' lang='grc'><strong>71.</strong></span> <span class='ocrx_word' id='word_1_174' title='bbox 1358 2875 1518 2952; x_wconf 86' lang='lat' dir='ltr'>diximus,</span> <span class='ocrx_word' id='word_1_175' title='bbox 1547 2871 1622 2940; x_wconf 91' lang='lat' dir='ltr'>sola</span> <span class='ocrx_word' id='word_1_176' title='bbox 1640 2873 1736 2940; x_wconf 88' lang='lat' dir='ltr'>litera</span> <span class='ocrx_word' id='word_1_177' title='bbox 1756 2875 1836 2941; x_wconf 79' lang='lat' dir='ltr'>nX.”</span> <span class='ocrx_word' id='word_1_178' title='bbox 1856 2887 1889 2942; x_wconf 91' lang='lat' dir='ltr'>et</span> <span class='ocrx_word' id='word_1_179' title='bbox 1903 2875 2111 2962; x_wconf 86' lang='lat' dir='ltr'>Gregoriann</span> 
     </span>
     <span class='ocr_line' id='line_1_19' title="bbox 388 2973 1832 3064; baseline -0.001 -21"><span class='ocrx_word' id='word_1_180' title='bbox 388 2997 480 3044; x_wconf 84' lang='lat' dir='ltr'>vers.</span> <span class='ocrx_word' id='word_1_181' title='bbox 505 2976 567 3058; x_wconf 87' lang='grc'><strong>19.,</strong></span> <span class='ocrx_word' id='word_1_182' title='bbox 596 2997 674 3063; x_wconf 92' lang='lat' dir='ltr'>pag.</span> <span class='ocrx_word' id='word_1_183' title='bbox 688 2977 761 3043; x_wconf 89' lang='grc'><strong>333.</strong></span> <span class='ocrx_word' id='word_1_184' title='bbox 793 2996 883 3045; x_wconf 90' lang='grc' dir='ltr'><strong>νοτε.</strong></span> <span class='ocrx_word' id='word_1_185' title='bbox 898 2985 928 3046; x_wconf 87' lang='grc'><strong>7.</strong></span> <span class='ocrx_word' id='word_1_186' title='bbox 951 2985 1022 3060; x_wconf 88' lang='grc'><strong>24.,</strong></span> <span class='ocrx_word' id='word_1_187' title='bbox 1050 2998 1125 3064; x_wconf 90' lang='lat' dir='ltr'>pag.</span> <span class='ocrx_word' id='word_1_188' title='bbox 1141 2977 1215 3046; x_wconf 84' lang='grc'><strong>342.</strong></span> <span class='ocrx_word' id='word_1_189' title='bbox 1283 2973 1386 3042; x_wconf 87' lang='lat' dir='ltr'>literis</span> <span class='ocrx_word' id='word_1_190' title='bbox 1402 2977 1463 3042; x_wconf 77' lang='lat' dir='ltr'>sX.</span> <span class='ocrx_word' id='word_1_191' title='bbox 1483 2975 1544 3042; x_wconf 89' lang='lat' dir='ltr'>G.”</span> <span class='ocrx_word' id='word_1_192' title='bbox 1560 2977 1733 3062; x_wconf 81' lang='lat' dir='ltr'>insignitae</span> <span class='ocrx_word' id='word_1_193' title='bbox 1746 2991 1832 3042; x_wconf 90' lang='lat' dir='ltr'>sunt.</span> 
     </span>
     <span class='ocr_line' id='line_1_20' title="bbox 389 3077 2110 3166; baseline 0.001 -22"><span class='ocrx_word' id='word_1_194' title='bbox 389 3100 478 3145; x_wconf 86' lang='lat' dir='ltr'>vers.</span> <span class='ocrx_word' id='word_1_195' title='bbox 493 3077 559 3160; x_wconf 72' lang='lat'>32,</span> <span class='ocrx_word' id='word_1_196' title='bbox 574 3099 650 3163; x_wconf 87' lang='lat' dir='ltr'>pag.</span> <span class='ocrx_word' id='word_1_197' title='bbox 666 3077 740 3146; x_wconf 83' lang='lat'>355.</span> <span class='ocrx_word' id='word_1_198' title='bbox 755 3099 845 3145; x_wconf 87' lang='grc' dir='ltr'><strong>νοτε.</strong></span> <span class='ocrx_word' id='word_1_199' title='bbox 862 3079 924 3162; x_wconf 85' lang='grc'>26,</span> <span class='ocrx_word' id='word_1_200' title='bbox 940 3101 1018 3166; x_wconf 85' lang='lat' dir='ltr'>pag.</span> <span class='ocrx_word' id='word_1_201' title='bbox 1036 3085 1110 3150; x_wconf 87' lang='grc'><strong>373.</strong></span> <span class='ocrx_word' id='word_1_202' title='bbox 1125 3100 1216 3148; x_wconf 88' lang='grc' dir='ltr'><strong>νοτε.</strong></span> <span class='ocrx_word' id='word_1_203' title='bbox 1367 3078 1405 3143; x_wconf 90' lang='lat' dir='ltr'>lo</span> <span class='ocrx_word' id='word_1_204' title='bbox 1418 3079 1684 3146; x_wconf 88' lang='lat' dir='ltr'>adnotationibus</span> <span class='ocrx_word' id='word_1_205' title='bbox 1713 3080 1755 3144; x_wconf 85' lang='lat' dir='ltr'>ad</span> <span class='ocrx_word' id='word_1_206' title='bbox 1782 3077 1868 3146; x_wconf 89' lang='lat' dir='ltr'>Pillii</span> <span class='ocrx_word' id='word_1_207' title='bbox 1896 3090 1993 3166; x_wconf 89' lang='lat' dir='ltr'>atque</span> <span class='ocrx_word' id='word_1_208' title='bbox 2022 3080 2110 3146; x_wconf 84' lang='lat' dir='ltr'>Tau·</span> 
     </span>
    </p>
   </div>
   <div class='ocr_carea' id='block_1_5' title="bbox 391 3181 2247 3268">
    <p class='ocr_par' dir='ltr' id='par_1_6' title="bbox 391 3181 2247 3268">
     <span class='ocr_line' id='line_1_21' title="bbox 391 3181 2247 3268; baseline 0.001 -20"><span class='ocrx_word' id='word_1_209' title='bbox 391 3181 443 3250; x_wconf 78' lang='lat'>10.</span> <span class='ocrx_word' id='word_1_210' title='bbox 532 3215 535 3224; x_wconf 66' lang='lat'>=</span> <span class='ocrx_word' id='word_1_211' title='bbox 1283 3181 1376 3247; x_wconf 91' lang='lat' dir='ltr'>credi</span> <span class='ocrx_word' id='word_1_212' title='bbox 1412 3182 1534 3261; x_wconf 89' lang='lat' dir='ltr'>libros,</span> <span class='ocrx_word' id='word_1_213' title='bbox 1578 3193 1613 3246; x_wconf 91' lang='lat' dir='ltr'>ut</span> <span class='ocrx_word' id='word_1_214' title='bbox 1649 3181 1862 3246; x_wconf 81' lang='lat' dir='ltr'>decretalium</span> <span class='ocrx_word' id='word_1_215' title='bbox 1896 3181 2111 3268; x_wconf 82' lang='lat' dir='ltr'>allegatamm</span> <span class='ocrx_word' id='word_1_216' title='bbox 2245 3216 2247 3236; x_wconf 73' lang='grc' dir='ltr'>ι</span> 
     </span>
    </p>
   </div>
   <div class='ocr_carea' id='block_1_6' title="bbox 433 3280 2110 3370">
    <p class='ocr_par' dir='ltr' id='par_1_7' title="bbox 433 3280 2110 3370">
     <span class='ocr_line' id='line_1_22' title="bbox 433 3280 2110 3370; baseline 0.003 -23"><span class='ocrx_word' id='word_1_217' title='bbox 433 3281 493 3366; x_wconf 93' lang='grc'>89)</span> <span class='ocrx_word' id='word_1_218' title='bbox 536 3281 573 3346; x_wconf 90' lang='lat' dir='ltr'>ln</span> <span class='ocrx_word' id='word_1_219' title='bbox 596 3280 806 3349; x_wconf 75' lang='lat' dir='ltr'>coartans.</span> <span class='ocrx_word' id='word_1_220' title='bbox 826 3285 953 3366; x_wconf 91' lang='lat' dir='ltr'>passim</span> <span class='ocrx_word' id='word_1_221' title='bbox 974 3284 1127 3350; x_wconf 89' lang='lat' dir='ltr'>rubricae</span> <span class='ocrx_word' id='word_1_222' title='bbox 1141 3305 1218 3369; x_wconf 89' lang='lat' dir='ltr'>per·</span> <span class='ocrx_word' id='word_1_223' title='bbox 1255 3325 1257 3334; x_wconf 72' lang='lat'><em>=</em></span> <span class='ocrx_word' id='word_1_224' title='bbox 1287 3284 1487 3367; x_wconf 85' lang='lat' dir='ltr'>comparatio</span> <span class='ocrx_word' id='word_1_225' title='bbox 1508 3283 1654 3370; x_wconf 85' lang='lat' dir='ltr'>quelibet</span> <span class='ocrx_word' id='word_1_226' title='bbox 1680 3283 1806 3348; x_wconf 89' lang='lat' dir='ltr'>ratione</span> <span class='ocrx_word' id='word_1_227' title='bbox 1827 3285 2011 3365; x_wconf 86' lang='lat' dir='ltr'>iuvaretur,</span> <span class='ocrx_word' id='word_1_228' title='bbox 2040 3288 2110 3352; x_wconf 91' lang='lat' dir='ltr'>ubi·</span> 
     </span>
    </p>
   </div>
   <div class='ocr_carea' id='block_1_7' title="bbox 258 3383 2146 3474">
    <p class='ocr_par' dir='ltr' id='par_1_8' title="bbox 258 3383 2146 3474">
     <span class='ocr_line' id='line_1_23' title="bbox 258 3383 2146 3474; baseline 0.004 -28"><span class='ocrx_word' id='word_1_229' title='bbox 258 3420 260 3424; x_wconf 80' lang='lat'>.</span> <span class='ocrx_word' id='word_1_230' title='bbox 391 3404 488 3470; x_wconf 86' lang='lat' dir='ltr'>quarn</span> <span class='ocrx_word' id='word_1_231' title='bbox 508 3383 715 3469; x_wconf 89' lang='lat' dir='ltr'>negligenter</span> <span class='ocrx_word' id='word_1_232' title='bbox 729 3385 938 3469; x_wconf 89' lang='lat' dir='ltr'>adscriptae,</span> <span class='ocrx_word' id='word_1_233' title='bbox 968 3385 1035 3469; x_wconf 82' lang='lat' dir='ltr'>(cl.</span> <span class='ocrx_word' id='word_1_234' title='bbox 1052 3407 1129 3471; x_wconf 91' lang='lat' dir='ltr'>pag.</span> <span class='ocrx_word' id='word_1_235' title='bbox 1143 3385 1217 3454; x_wconf 82' lang='lat'>325.</span> <span class='ocrx_word' id='word_1_236' title='bbox 1286 3385 1338 3450; x_wconf 84' lang='lat' dir='ltr'>vis</span> <span class='ocrx_word' id='word_1_237' title='bbox 1359 3396 1392 3448; x_wconf 89' lang='lat' dir='ltr'>et</span> <span class='ocrx_word' id='word_1_238' title='bbox 1417 3386 1635 3470; x_wconf 85' lang='lat' dir='ltr'>antiquiorum</span> <span class='ocrx_word' id='word_1_239' title='bbox 1657 3384 1922 3468; x_wconf 89' lang='lat' dir='ltr'>compilationum</span> <span class='ocrx_word' id='word_1_240' title='bbox 1935 3398 1969 3451; x_wconf 87' lang='lat' dir='ltr'>et</span> <span class='ocrx_word' id='word_1_241' title='bbox 1983 3385 2146 3474; x_wconf 79' lang='lat' dir='ltr'>Grego·</span> 
     </span>
    </p>
   </div>
   <div class='ocr_carea' id='block_1_8' title="bbox 346 3485 2145 5410">
    <p class='ocr_par' dir='ltr' id='par_1_9' title="bbox 346 3485 2145 5410">
     <span class='ocr_line' id='line_1_24' title="bbox 389 3485 1899 3572; baseline 0.001 -22"><span class='ocrx_word' id='word_1_242' title='bbox 389 3493 538 3567; x_wconf 82' lang='lat' dir='ltr'>not21.,</span> <span class='ocrx_word' id='word_1_243' title='bbox 566 3507 642 3572; x_wconf 89' lang='lat' dir='ltr'>pag.</span> <span class='ocrx_word' id='word_1_244' title='bbox 660 3485 731 3554; x_wconf 82' lang='grc'><strong>343.</strong></span> <span class='ocrx_word' id='word_1_245' title='bbox 760 3497 825 3551; x_wconf 83' lang='lat' dir='ltr'>not</span> <span class='ocrx_word' id='word_1_246' title='bbox 839 3487 916 3572; x_wconf 87' lang='grc'><strong>72.)</strong></span> <span class='ocrx_word' id='word_1_247' title='bbox 945 3507 1009 3552; x_wconf 84' lang='grc' dir='ltr'>τοο</span> <span class='ocrx_word' id='word_1_248' title='bbox 1031 3507 1098 3552; x_wconf 91' lang='lat' dir='ltr'>non</span> <span class='ocrx_word' id='word_1_249' title='bbox 1127 3485 1219 3553; x_wconf 89' lang='lat' dir='ltr'>multi</span> <span class='ocrx_word' id='word_1_250' title='bbox 1287 3485 1402 3552; x_wconf 89' lang='lat' dir='ltr'>rianae</span> <span class='ocrx_word' id='word_1_251' title='bbox 1418 3486 1622 3553; x_wconf 88' lang='lat' dir='ltr'>collectionis</span> <span class='ocrx_word' id='word_1_252' title='bbox 1637 3485 1732 3552; x_wconf 91' lang='lat' dir='ltr'>locos</span> <span class='ocrx_word' id='word_1_253' title='bbox 1746 3487 1899 3554; x_wconf 86' lang='lat' dir='ltr'>indicavi.</span> 
     </span>
     <span class='ocr_line' id='line_1_25' title="bbox 390 3586 2109 3674; baseline 0.001 -21"><span class='ocrx_word' id='word_1_254' title='bbox 390 3586 456 3653; x_wconf 92' lang='lat' dir='ltr'>loci</span> <span class='ocrx_word' id='word_1_255' title='bbox 475 3608 594 3670; x_wconf 90' lang='lat' dir='ltr'>parum</span> <span class='ocrx_word' id='word_1_256' title='bbox 608 3598 684 3673; x_wconf 89' lang='lat' dir='ltr'>apte</span> <span class='ocrx_word' id='word_1_257' title='bbox 699 3588 860 3654; x_wconf 88' lang='lat' dir='ltr'>addendis</span> <span class='ocrx_word' id='word_1_258' title='bbox 875 3588 1145 3674; x_wconf 88' lang='lat' dir='ltr'>inscriptionibus</span> <span class='ocrx_word' id='word_1_259' title='bbox 1161 3589 1218 3655; x_wconf 93' lang='lat' dir='ltr'>de·</span> <span class='ocrx_word' id='word_1_260' title='bbox 1328 3587 1387 3671; x_wconf 86' lang='grc'>92)</span> <span class='ocrx_word' id='word_1_261' title='bbox 1431 3587 1484 3654; x_wconf 87' lang='grc' dir='ltr'>Ι)ο</span> <span class='ocrx_word' id='word_1_262' title='bbox 1510 3588 1563 3653; x_wconf 90' lang='lat' dir='ltr'>his</span> <span class='ocrx_word' id='word_1_263' title='bbox 1590 3589 1797 3674; x_wconf 87' lang='lat' dir='ltr'>potissimum</span> <span class='ocrx_word' id='word_1_264' title='bbox 1821 3587 1981 3656; x_wconf 89' lang='lat' dir='ltr'>hocloco</span> <span class='ocrx_word' id='word_1_265' title='bbox 2002 3589 2109 3657; x_wconf 88' lang='lat' dir='ltr'>dieen-</span> 
     </span>
     <span class='ocr_line' id='line_1_26' title="bbox 391 3686 2109 3777; baseline 0.001 -23"><span class='ocrx_word' id='word_1_266' title='bbox 391 3689 500 3754; x_wconf 91' lang='lat' dir='ltr'>stinati</span> <span class='ocrx_word' id='word_1_267' title='bbox 515 3699 600 3756; x_wconf 89' lang='lat' dir='ltr'>sunt.</span> <span class='ocrx_word' id='word_1_268' title='bbox 1288 3687 1366 3755; x_wconf 90' lang='lat' dir='ltr'>dum</span> <span class='ocrx_word' id='word_1_269' title='bbox 1381 3710 1460 3755; x_wconf 88' lang='lat' dir='ltr'>csse</span> <span class='ocrx_word' id='word_1_270' title='bbox 1474 3686 1664 3771; x_wconf 83' lang='lat' dir='ltr'>uidebatur,</span> <span class='ocrx_word' id='word_1_271' title='bbox 1693 3711 1768 3756; x_wconf 92' lang='lat' dir='ltr'>cum</span> <span class='ocrx_word' id='word_1_272' title='bbox 1790 3689 1936 3777; x_wconf 90' lang='lat' dir='ltr'>qualibet</span> <span class='ocrx_word' id='word_1_273' title='bbox 1957 3689 2030 3756; x_wconf 81' lang='lat' dir='ltr'>scre</span> <span class='ocrx_word' id='word_1_274' title='bbox 2051 3690 2109 3757; x_wconf 90' lang='lat' dir='ltr'>bo·</span> 
     </span>
     <span class='ocr_line' id='line_1_27' title="bbox 432 3789 2109 3878; baseline 0.002 -20"><span class='ocrx_word' id='word_1_275' title='bbox 432 3790 492 3875; x_wconf 90' lang='grc'>99)</span> <span class='ocrx_word' id='word_1_276' title='bbox 535 3789 610 3856; x_wconf 88' lang='lat' dir='ltr'>Vid.</span> <span class='ocrx_word' id='word_1_277' title='bbox 632 3795 677 3856; x_wconf 87' lang='lat'>10.</span> <span class='ocrx_word' id='word_1_278' title='bbox 696 3791 798 3858; x_wconf 83' lang='lat' dir='ltr'>Andr.</span> <span class='ocrx_word' id='word_1_279' title='bbox 819 3797 864 3856; x_wconf 80' lang='lat' dir='ltr'>nd</span> <span class='ocrx_word' id='word_1_280' title='bbox 882 3797 922 3857; x_wconf 80' lang='grc' dir='ltr'>Ι).</span> <span class='ocrx_word' id='word_1_281' title='bbox 945 3816 993 3876; x_wconf 82' lang='lat' dir='ltr'>sp.</span> <span class='ocrx_word' id='word_1_282' title='bbox 1015 3813 1163 3878; x_wconf 89' lang='lat' dir='ltr'>prooem.</span> <span class='ocrx_word' id='word_1_283' title='bbox 1185 3795 1220 3860; x_wconf 93' lang='lat' dir='ltr'>in</span> <span class='ocrx_word' id='word_1_284' title='bbox 1287 3811 1360 3856; x_wconf 86' lang='lat' dir='ltr'>rum</span> <span class='ocrx_word' id='word_1_285' title='bbox 1379 3790 1537 3856; x_wconf 90' lang='lat' dir='ltr'>librorum</span> <span class='ocrx_word' id='word_1_286' title='bbox 1562 3793 1687 3877; x_wconf 87' lang='lat' dir='ltr'>pagina</span> <span class='ocrx_word' id='word_1_287' title='bbox 1715 3793 1758 3857; x_wconf 90' lang='lat' dir='ltr'>ad</span> <span class='ocrx_word' id='word_1_288' title='bbox 1779 3813 1837 3858; x_wconf 87' lang='lat' dir='ltr'>eas</span> <span class='ocrx_word' id='word_1_289' title='bbox 1859 3794 2037 3860; x_wconf 87' lang='lat' dir='ltr'>remissum</span> <span class='ocrx_word' id='word_1_290' title='bbox 2058 3797 2109 3861; x_wconf 90' lang='lat' dir='ltr'>sit.</span> 
     </span>
     <span class='ocr_line' id='line_1_28' title="bbox 346 3891 2109 3980; baseline 0.002 -21"><span class='ocrx_word' id='word_1_291' title='bbox 346 3935 348 3940; x_wconf 93' lang='lat'>-</span> <span class='ocrx_word' id='word_1_292' title='bbox 391 3916 423 3959; x_wconf 89' lang='grc' dir='ltr'><strong>ν.</strong></span> <span class='ocrx_word' id='word_1_293' title='bbox 437 3892 597 3976; x_wconf 88' lang='lat' dir='ltr'>plurimis.</span> <span class='ocrx_word' id='word_1_294' title='bbox 613 3914 699 3960; x_wconf 83' lang='lat' dir='ltr'>vers</span> <span class='ocrx_word' id='word_1_295' title='bbox 716 3905 862 3960; x_wconf 87' lang='lat' dir='ltr'>octavus.</span> <span class='ocrx_word' id='word_1_296' title='bbox 1286 3893 1329 3958; x_wconf 90' lang='lat' dir='ltr'>Et</span> <span class='ocrx_word' id='word_1_297' title='bbox 1342 3891 1494 3960; x_wconf 81' lang='lat' dir='ltr'>facillime</span> <span class='ocrx_word' id='word_1_298' title='bbox 1510 3895 1649 3972; x_wconf 85' lang='lat' dir='ltr'>videris,</span> <span class='ocrx_word' id='word_1_299' title='bbox 1682 3913 1749 3959; x_wconf 90' lang='lat' dir='ltr'>non</span> <span class='ocrx_word' id='word_1_300' title='bbox 1770 3892 1878 3959; x_wconf 89' lang='lat' dir='ltr'>solum</span> <span class='ocrx_word' id='word_1_301' title='bbox 1900 3915 1958 3976; x_wconf 85' lang='lat' dir='ltr'>ea,</span> <span class='ocrx_word' id='word_1_302' title='bbox 1989 3897 2109 3980; x_wconf 88' lang='lat' dir='ltr'>quibus</span> 
     </span>
     <span class='ocr_line' id='line_1_29' title="bbox 434 3992 2111 4082; baseline 0.004 -23"><span class='ocrx_word' id='word_1_303' title='bbox 434 3993 493 4079; x_wconf 90' lang='grc'>91)</span> <span class='ocrx_word' id='word_1_304' title='bbox 536 3994 573 4059; x_wconf 91' lang='lat' dir='ltr'>ln</span> <span class='ocrx_word' id='word_1_305' title='bbox 595 3992 848 4081; x_wconf 87' lang='lat' dir='ltr'>allegationibus</span> <span class='ocrx_word' id='word_1_306' title='bbox 869 3995 981 4082; x_wconf 89' lang='lat' dir='ltr'>legum</span> <span class='ocrx_word' id='word_1_307' title='bbox 1001 4007 1035 4062; x_wconf 90' lang='lat' dir='ltr'>et</span> <span class='ocrx_word' id='word_1_308' title='bbox 1055 4017 1220 4064; x_wconf 86' lang='lat' dir='ltr'>canonum</span> <span class='ocrx_word' id='word_1_309' title='bbox 1286 4008 1443 4062; x_wconf 88' lang='lat' dir='ltr'>auctores</span> <span class='ocrx_word' id='word_1_310' title='bbox 1471 3996 1516 4060; x_wconf 92' lang='lat' dir='ltr'>uti</span> <span class='ocrx_word' id='word_1_311' title='bbox 1546 3995 1733 4076; x_wconf 83' lang='lat' dir='ltr'>voluerunt,</span> <span class='ocrx_word' id='word_1_312' title='bbox 1762 4015 1928 4080; x_wconf 86' lang='lat' dir='ltr'>persaepe</span> <span class='ocrx_word' id='word_1_313' title='bbox 1958 4017 2000 4060; x_wconf 84' lang='lat' dir='ltr'>ex</span> <span class='ocrx_word' id='word_1_314' title='bbox 2027 3997 2111 4066; x_wconf 87' lang='lat' dir='ltr'>solis</span> 
     </span>
     <span class='ocr_line' id='line_1_30' title="bbox 392 4097 2111 4186; baseline 0.003 -25"><span class='ocrx_word' id='word_1_315' title='bbox 392 4107 470 4181; x_wconf 89' lang='lat' dir='ltr'>post</span> <span class='ocrx_word' id='word_1_316' title='bbox 491 4097 614 4174; x_wconf 88' lang='lat' dir='ltr'>verba,</span> <span class='ocrx_word' id='word_1_317' title='bbox 645 4097 765 4185; x_wconf 90' lang='lat' dir='ltr'>quibus</span> <span class='ocrx_word' id='word_1_318' title='bbox 786 4097 905 4184; x_wconf 89' lang='lat' dir='ltr'>singuli</span> <span class='ocrx_word' id='word_1_319' title='bbox 925 4097 991 4166; x_wconf 91' lang='lat' dir='ltr'>loci</span> <span class='ocrx_word' id='word_1_320' title='bbox 1013 4121 1034 4166; x_wconf 90' lang='lat' dir='ltr'>a</span> <span class='ocrx_word' id='word_1_321' title='bbox 1054 4098 1219 4186; x_wconf 88' lang='lat' dir='ltr'>glossatc·</span> <span class='ocrx_word' id='word_1_322' title='bbox 1287 4097 1412 4182; x_wconf 83' lang='lat' dir='ltr'>glossis</span> <span class='ocrx_word' id='word_1_323' title='bbox 1427 4099 1571 4181; x_wconf 88' lang='lat' dir='ltr'>petenda</span> <span class='ocrx_word' id='word_1_324' title='bbox 1585 4117 1681 4178; x_wconf 88' lang='lat' dir='ltr'>esse,</span> <span class='ocrx_word' id='word_1_325' title='bbox 1711 4099 1773 4162; x_wconf 89' lang='lat' dir='ltr'>scd</span> <span class='ocrx_word' id='word_1_326' title='bbox 1793 4097 1879 4162; x_wconf 89' lang='lat' dir='ltr'>adeo</span> <span class='ocrx_word' id='word_1_327' title='bbox 1900 4097 1972 4162; x_wconf 85' lang='lat' dir='ltr'>sine</span> <span class='ocrx_word' id='word_1_328' title='bbox 1986 4097 2039 4164; x_wconf 92' lang='lat' dir='ltr'>his</span> <span class='ocrx_word' id='word_1_329' title='bbox 2055 4121 2111 4167; x_wconf 88' lang='lat' dir='ltr'>vc·</span> 
     </span>
     <span class='ocr_line' id='line_1_31' title="bbox 391 4197 2110 4286; baseline 0.003 -22"><span class='ocrx_word' id='word_1_330' title='bbox 391 4198 485 4264; x_wconf 87' lang='lat' dir='ltr'>ribus</span> <span class='ocrx_word' id='word_1_331' title='bbox 506 4197 649 4282; x_wconf 88' lang='lat' dir='ltr'>insigniti</span> <span class='ocrx_word' id='word_1_332' title='bbox 671 4209 766 4280; x_wconf 88' lang='lat' dir='ltr'>sunt,</span> <span class='ocrx_word' id='word_1_333' title='bbox 796 4221 855 4266; x_wconf 90' lang='lat' dir='ltr'>cos</span> <span class='ocrx_word' id='word_1_334' title='bbox 875 4222 1033 4268; x_wconf 85' lang='lat' dir='ltr'>numeros</span> <span class='ocrx_word' id='word_1_335' title='bbox 1061 4204 1216 4286; x_wconf 87' lang='lat' dir='ltr'>apposui,</span> <span class='ocrx_word' id='word_1_336' title='bbox 1286 4219 1359 4264; x_wconf 86' lang='lat' dir='ltr'>rum</span> <span class='ocrx_word' id='word_1_337' title='bbox 1382 4199 1557 4264; x_wconf 88' lang='lat' dir='ltr'>multorum</span> <span class='ocrx_word' id='word_1_338' title='bbox 1577 4209 1843 4286; x_wconf 88' lang='lat' dir='ltr'>argumentorum</span> <span class='ocrx_word' id='word_1_339' title='bbox 1864 4219 2002 4266; x_wconf 88' lang='lat' dir='ltr'>sensura</span> <span class='ocrx_word' id='word_1_340' title='bbox 2020 4201 2110 4268; x_wconf 90' lang='lat' dir='ltr'>haud</span> 
     </span>
     <span class='ocr_line' id='line_1_32' title="bbox 393 4297 1547 4388; baseline -0.003 -23"><span class='ocrx_word' id='word_1_341' title='bbox 393 4301 512 4387; x_wconf 89' lang='lat' dir='ltr'>quibus</span> <span class='ocrx_word' id='word_1_342' title='bbox 527 4297 626 4364; x_wconf 87' lang='lat' dir='ltr'>bodie</span> <span class='ocrx_word' id='word_1_343' title='bbox 642 4300 685 4364; x_wconf 93' lang='lat' dir='ltr'>uti</span> <span class='ocrx_word' id='word_1_344' title='bbox 701 4299 858 4368; x_wconf 87' lang='lat' dir='ltr'>solemus.</span> <span class='ocrx_word' id='word_1_345' title='bbox 902 4303 997 4377; x_wconf 89' lang='lat' dir='ltr'>Quos</span> <span class='ocrx_word' id='word_1_346' title='bbox 1012 4325 1087 4369; x_wconf 92' lang='lat' dir='ltr'>cum</span> <span class='ocrx_word' id='word_1_347' title='bbox 1102 4323 1217 4368; x_wconf 88' lang='lat' dir='ltr'>recen·</span> <span class='ocrx_word' id='word_1_348' title='bbox 1284 4301 1420 4388; x_wconf 89' lang='lat' dir='ltr'>intelligi</span> <span class='ocrx_word' id='word_1_349' title='bbox 1435 4323 1547 4387; x_wconf 87' lang='lat' dir='ltr'>posse.</span> 
     </span>
     <span class='ocr_line' id='line_1_33' title="bbox 370 4400 2109 4488; baseline 0.002 -22"><span class='ocrx_word' id='word_1_350' title='bbox 370 4413 444 4478; x_wconf 81' lang='lat' dir='ltr'>‚ter</span> <span class='ocrx_word' id='word_1_351' title='bbox 464 4402 594 4468; x_wconf 87' lang='lat' dir='ltr'>additos</span> <span class='ocrx_word' id='word_1_352' title='bbox 615 4421 695 4468; x_wconf 89' lang='lat' dir='ltr'>csse</span> <span class='ocrx_word' id='word_1_353' title='bbox 720 4400 875 4469; x_wconf 81' lang='lat' dir='ltr'>facillime</span> <span class='ocrx_word' id='word_1_354' title='bbox 896 4405 1030 4486; x_wconf 89' lang='lat' dir='ltr'>videas,</span> <span class='ocrx_word' id='word_1_355' title='bbox 1060 4427 1120 4472; x_wconf 88' lang='lat' dir='ltr'>eos</span> <span class='ocrx_word' id='word_1_356' title='bbox 1146 4416 1217 4469; x_wconf 87' lang='lat' dir='ltr'>tan·</span> <span class='ocrx_word' id='word_1_357' title='bbox 1327 4403 1386 4488; x_wconf 84' lang='grc'>93)</span> <span class='ocrx_word' id='word_1_358' title='bbox 1428 4402 1629 4468; x_wconf 85' lang='lat' dir='ltr'>ludicandae</span> <span class='ocrx_word' id='word_1_359' title='bbox 1654 4413 1731 4468; x_wconf 88' lang='lat' dir='ltr'>sunt</span> <span class='ocrx_word' id='word_1_360' title='bbox 1758 4402 1990 4472; x_wconf 87' lang='lat' dir='ltr'>nonnullorum</span> <span class='ocrx_word' id='word_1_361' title='bbox 2010 4404 2109 4470; x_wconf 88' lang='lat' dir='ltr'>libro·</span> 
     </span>
     <span class='ocr_line' id='line_1_34' title="bbox 392 4503 1896 4590; baseline 0.001 -22"><span class='ocrx_word' id='word_1_362' title='bbox 392 4504 579 4580; x_wconf 89' lang='lat' dir='ltr'>tumloeos‚</span> <span class='ocrx_word' id='word_1_363' title='bbox 609 4505 665 4570; x_wconf 90' lang='lat' dir='ltr'>ubi</span> <span class='ocrx_word' id='word_1_364' title='bbox 693 4503 766 4570; x_wconf 86' lang='lat' dir='ltr'>sola</span> <span class='ocrx_word' id='word_1_365' title='bbox 793 4526 1006 4572; x_wconf 87' lang='lat' dir='ltr'>numerorum</span> <span class='ocrx_word' id='word_1_366' title='bbox 1033 4509 1217 4574; x_wconf 88' lang='lat' dir='ltr'>adiectione</span> <span class='ocrx_word' id='word_1_367' title='bbox 1284 4527 1359 4572; x_wconf 92' lang='lat' dir='ltr'>rurn</span> <span class='ocrx_word' id='word_1_368' title='bbox 1374 4507 1552 4586; x_wconf 87' lang='lat' dir='ltr'>editiones,</span> <span class='ocrx_word' id='word_1_369' title='bbox 1582 4504 1700 4590; x_wconf 88' lang='lat' dir='ltr'>quibus</span> <span class='ocrx_word' id='word_1_370' title='bbox 1714 4525 1797 4570; x_wconf 89' lang='lat' dir='ltr'>usus</span> <span class='ocrx_word' id='word_1_371' title='bbox 1813 4527 1896 4572; x_wconf 89' lang='lat' dir='ltr'>sum.</span> 
     </span>
     <span class='ocr_line' id='line_1_35' title="bbox 392 4605 2109 4692; baseline 0.002 -22"><span class='ocrx_word' id='word_1_372' title='bbox 392 4625 451 4671; x_wconf 90' lang='lat' dir='ltr'>res</span> <span class='ocrx_word' id='word_1_373' title='bbox 480 4607 628 4692; x_wconf 82' lang='lat' dir='ltr'>expediri</span> <span class='ocrx_word' id='word_1_374' title='bbox 655 4628 722 4673; x_wconf 88' lang='lat' dir='ltr'>non</span> <span class='ocrx_word' id='word_1_375' title='bbox 750 4617 897 4691; x_wconf 88' lang='lat' dir='ltr'>poterat,</span> <span class='ocrx_word' id='word_1_376' title='bbox 927 4607 1035 4674; x_wconf 87' lang='lat' dir='ltr'>solitis</span> <span class='ocrx_word' id='word_1_377' title='bbox 1057 4630 1218 4674; x_wconf 87' lang='lat' dir='ltr'>uncorum</span> <span class='ocrx_word' id='word_1_378' title='bbox 1373 4609 1463 4689; x_wconf 81' lang='lat' dir='ltr'>Cerp.</span> <span class='ocrx_word' id='word_1_379' title='bbox 1486 4614 1545 4671; x_wconf 80' lang='lat' dir='ltr'>tur.</span> <span class='ocrx_word' id='word_1_380' title='bbox 1570 4614 1626 4669; x_wconf 81' lang='lat' dir='ltr'>cio.</span> <span class='ocrx_word' id='word_1_381' title='bbox 1649 4605 1701 4670; x_wconf 92' lang='lat' dir='ltr'>ed.</span> <span class='ocrx_word' id='word_1_382' title='bbox 1724 4607 1868 4672; x_wconf 77' lang='lat' dir='ltr'>Gebrener</span> <span class='ocrx_word' id='word_1_383' title='bbox 1888 4618 1920 4672; x_wconf 88' lang='lat' dir='ltr'>ct</span> <span class='ocrx_word' id='word_1_384' title='bbox 1939 4609 2109 4690; x_wconf 74' lang='lat' dir='ltr'>Spnnpen·</span> 
     </span>
     <span class='ocr_line' id='line_1_36' title="bbox 393 4707 2108 4794; baseline -0.002 -20"><span class='ocrx_word' id='word_1_385' title='bbox 393 4708 499 4794; x_wconf 90' lang='lat' dir='ltr'>signis</span> <span class='ocrx_word' id='word_1_386' title='bbox 520 4710 639 4774; x_wconf 83' lang='lat' dir='ltr'>notavi.</span> <span class='ocrx_word' id='word_1_387' title='bbox 669 4707 727 4775; x_wconf 73' lang='lat' dir='ltr'>(ll.¹</span> <span class='ocrx_word' id='word_1_388' title='bbox 745 4729 773 4773; x_wconf 90' lang='lat' dir='ltr'>e.</span> <span class='ocrx_word' id='word_1_389' title='bbox 797 4728 825 4793; x_wconf 86' lang='lat' dir='ltr'>g.</span> <span class='ocrx_word' id='word_1_390' title='bbox 850 4729 926 4794; x_wconf 90' lang='lat' dir='ltr'>pag.</span> <span class='ocrx_word' id='word_1_391' title='bbox 941 4709 972 4776; x_wconf 80' lang='lat'>5.</span> <span class='ocrx_word' id='word_1_392' title='bbox 996 4731 1084 4776; x_wconf 87' lang='lat' dir='ltr'>vers.</span> <span class='ocrx_word' id='word_1_393' title='bbox 1101 4711 1154 4780; x_wconf 89' lang='grc'>29.</span> <span class='ocrx_word' id='word_1_394' title='bbox 1177 4745 1218 4758; x_wconf 89' lang='lat'>-</span> <span class='ocrx_word' id='word_1_395' title='bbox 1286 4714 1366 4790; x_wconf 74' lang='lat' dir='ltr'>terp.</span> <span class='ocrx_word' id='word_1_396' title='bbox 1384 4745 1425 4756; x_wconf 90' lang='lat'><em>-</em></span> <span class='ocrx_word' id='word_1_397' title='bbox 1442 4710 1533 4790; x_wconf 75' lang='lat' dir='ltr'>corp.</span> <span class='ocrx_word' id='word_1_398' title='bbox 1548 4714 1607 4772; x_wconf 78' lang='lat' dir='ltr'>iar.</span> <span class='ocrx_word' id='word_1_399' title='bbox 1621 4730 1689 4772; x_wconf 86' lang='lat' dir='ltr'>con.</span> <span class='ocrx_word' id='word_1_400' title='bbox 1709 4709 1972 4774; x_wconf 78' lang='lat' dir='ltr'>ed.1tntmr.-</span> <span class='ocrx_word' id='word_1_401' title='bbox 1990 4708 2043 4776; x_wconf 83' lang='lat' dir='ltr'>Ex</span> <span class='ocrx_word' id='word_1_402' title='bbox 2056 4709 2108 4772; x_wconf 88' lang='lat' dir='ltr'>his</span> 
     </span>
     <span class='ocr_line' id='line_1_37' title="bbox 393 4809 2145 4896; baseline 0.004 -23"><span class='ocrx_word' id='word_1_403' title='bbox 393 4809 539 4880; x_wconf 85' lang='lat' dir='ltr'>lndiccm</span> <span class='ocrx_word' id='word_1_404' title='bbox 563 4810 701 4876; x_wconf 89' lang='lat' dir='ltr'>istorum</span> <span class='ocrx_word' id='word_1_405' title='bbox 727 4809 875 4878; x_wconf 88' lang='lat' dir='ltr'>locorum</span> <span class='ocrx_word' id='word_1_406' title='bbox 902 4813 947 4878; x_wconf 86' lang='lat' dir='ltr'>ita</span> <span class='ocrx_word' id='word_1_407' title='bbox 972 4813 1108 4896; x_wconf 87' lang='lat' dir='ltr'>paravi,</span> <span class='ocrx_word' id='word_1_408' title='bbox 1136 4822 1220 4877; x_wconf 88' lang='lat' dir='ltr'>utet</span> <span class='ocrx_word' id='word_1_409' title='bbox 1286 4811 1415 4878; x_wconf 88' lang='lat' dir='ltr'>numeri</span> <span class='ocrx_word' id='word_1_410' title='bbox 1428 4809 1576 4876; x_wconf 88' lang='lat' dir='ltr'>locorum</span> <span class='ocrx_word' id='word_1_411' title='bbox 1593 4810 1733 4896; x_wconf 81' lang='lat' dir='ltr'>desumti</span> <span class='ocrx_word' id='word_1_412' title='bbox 1747 4821 1831 4876; x_wconf 86' lang='lat' dir='ltr'>sunt</span> <span class='ocrx_word' id='word_1_413' title='bbox 2142 4873 2145 4880; x_wconf 79' lang='grc'><strong><em>,</em></strong></span> 
     </span>
     <span class='ocr_line' id='line_1_38' title="bbox 392 4909 2108 5001; baseline -0.002 -25"><span class='ocrx_word' id='word_1_414' title='bbox 392 4909 509 4976; x_wconf 89' lang='lat' dir='ltr'>borum</span> <span class='ocrx_word' id='word_1_415' title='bbox 538 4921 571 4974; x_wconf 91' lang='lat' dir='ltr'>et</span> <span class='ocrx_word' id='word_1_416' title='bbox 599 4911 735 4978; x_wconf 88' lang='lat' dir='ltr'>aliorum</span> <span class='ocrx_word' id='word_1_417' title='bbox 771 4911 932 4979; x_wconf 89' lang='lat' dir='ltr'>librorum</span> <span class='ocrx_word' id='word_1_418' title='bbox 961 4913 1092 4980; x_wconf 91' lang='lat' dir='ltr'>lectioni</span> <span class='ocrx_word' id='word_1_419' title='bbox 1120 4924 1219 5001; x_wconf 88' lang='lat' dir='ltr'>atque</span> <span class='ocrx_word' id='word_1_420' title='bbox 1371 4915 1706 4991; x_wconf 60' lang='lat' dir='ltr'>Dicentdnctinnod,</span> <span class='ocrx_word' id='word_1_421' title='bbox 1721 4915 1839 4974; x_wconf 78' lang='lat' dir='ltr'>Votum.</span> <span class='ocrx_word' id='word_1_422' title='bbox 1854 4915 1910 4992; x_wconf 77' lang='lat' dir='ltr'>lep.</span> <span class='ocrx_word' id='word_1_423' title='bbox 1924 4913 2108 4995; x_wconf 70' lang='lat' dir='ltr'>parabap-</span> 
     </span>
     <span class='ocr_line' id='line_1_39' title="bbox 395 5011 2108 5097; baseline -0.002 -18"><span class='ocrx_word' id='word_1_424' title='bbox 395 5011 633 5097; x_wconf 80' lang='lat' dir='ltr'>cumparationi</span> <span class='ocrx_word' id='word_1_425' title='bbox 649 5013 834 5082; x_wconf 85' lang='lat' dir='ltr'>inserviret.</span> <span class='ocrx_word' id='word_1_426' title='bbox 1285 5019 1372 5079; x_wconf 82' lang='lat' dir='ltr'>deni.</span> <span class='ocrx_word' id='word_1_427' title='bbox 1390 5013 1481 5082; x_wconf 81' lang='lat'>1572.</span> <span class='ocrx_word' id='word_1_428' title='bbox 1505 5049 1539 5062; x_wconf 90' lang='lat'>·-</span> <span class='ocrx_word' id='word_1_429' title='bbox 1568 5017 1659 5096; x_wconf 75' lang='lat' dir='ltr'>cnp.</span> <span class='ocrx_word' id='word_1_430' title='bbox 1677 5021 1737 5076; x_wconf 84' lang='lat' dir='ltr'>r&#39;nr.</span> <span class='ocrx_word' id='word_1_431' title='bbox 1757 5035 1823 5075; x_wconf 80' lang='lat' dir='ltr'>con</span> <span class='ocrx_word' id='word_1_432' title='bbox 1838 5015 1943 5094; x_wconf 67' lang='lat' dir='ltr'>anr.</span> <span class='ocrx_word' id='word_1_433' title='bbox 1961 5013 2052 5080; x_wconf 84' lang='grc'><strong>1971.</strong></span> <span class='ocrx_word' id='word_1_434' title='bbox 2066 5047 2108 5062; x_wconf 91' lang='lat'>·-</span> 
     </span>
     <span class='ocr_line' id='line_1_40' title="bbox 475 5112 1990 5202; baseline -0.002 -23"><span class='ocrx_word' id='word_1_435' title='bbox 475 5114 512 5179; x_wconf 91' lang='lat' dir='ltr'>ln</span> <span class='ocrx_word' id='word_1_436' title='bbox 541 5112 790 5182; x_wconf 89' lang='lat' dir='ltr'>collectionibus</span> <span class='ocrx_word' id='word_1_437' title='bbox 820 5115 1035 5183; x_wconf 84' lang='lat' dir='ltr'>decretalium</span> <span class='ocrx_word' id='word_1_438' title='bbox 1064 5115 1216 5202; x_wconf 86' lang='lat' dir='ltr'>allegatis</span> <span class='ocrx_word' id='word_1_439' title='bbox 1283 5117 1353 5182; x_wconf 88' lang='lat' dir='ltr'>llas</span> <span class='ocrx_word' id='word_1_440' title='bbox 1369 5119 1400 5182; x_wconf 88' lang='lat' dir='ltr'>in</span> <span class='ocrx_word' id='word_1_441' title='bbox 1416 5115 1600 5202; x_wconf 86' lang='lat' dir='ltr'>allegandis</span> <span class='ocrx_word' id='word_1_442' title='bbox 1616 5113 1739 5199; x_wconf 88' lang='lat' dir='ltr'>glossis</span> <span class='ocrx_word' id='word_1_443' title='bbox 1754 5126 1890 5180; x_wconf 87' lang='lat' dir='ltr'>secutus</span> <span class='ocrx_word' id='word_1_444' title='bbox 1906 5133 1990 5178; x_wconf 91' lang='lat' dir='ltr'>sum.</span> 
     </span>
     <span class='ocr_line' id='line_1_41' title="bbox 391 5213 2106 5304; baseline 0.001 -22"><span class='ocrx_word' id='word_1_445' title='bbox 391 5215 593 5302; x_wconf 86' lang='lat' dir='ltr'>antiquiores</span> <span class='ocrx_word' id='word_1_446' title='bbox 622 5215 750 5280; x_wconf 88' lang='lat' dir='ltr'>numeri</span> <span class='ocrx_word' id='word_1_447' title='bbox 776 5218 840 5300; x_wconf 89' lang='lat' dir='ltr'>(X.</span> <span class='ocrx_word' id='word_1_448' title='bbox 859 5223 886 5285; x_wconf 91' lang='lat' dir='ltr'>l.</span> <span class='ocrx_word' id='word_1_449' title='bbox 908 5226 938 5288; x_wconf 80' lang='grc'><strong>2.</strong></span> <span class='ocrx_word' id='word_1_450' title='bbox 959 5219 1045 5302; x_wconf 91' lang='lat' dir='ltr'>etc.)</span> <span class='ocrx_word' id='word_1_451' title='bbox 1073 5221 1216 5297; x_wconf 88' lang='lat' dir='ltr'>servati;</span> <span class='ocrx_word' id='word_1_452' title='bbox 1369 5221 1445 5284; x_wconf 82' lang='lat' dir='ltr'>Ant.</span> <span class='ocrx_word' id='word_1_453' title='bbox 1461 5222 1636 5300; x_wconf 72' lang='lat' dir='ltr'>Anpncn&#39;m&#39;</span> <span class='ocrx_word' id='word_1_454' title='bbox 1654 5236 1731 5300; x_wconf 93' lang='lat' dir='ltr'>opp.</span> <span class='ocrx_word' id='word_1_455' title='bbox 1752 5213 1818 5282; x_wconf 90' lang='lat' dir='ltr'>vol.</span> <span class='ocrx_word' id='word_1_456' title='bbox 1843 5225 2013 5302; x_wconf 90' lang='lat' dir='ltr'>quartum,</span> <span class='ocrx_word' id='word_1_457' title='bbox 2040 5239 2106 5304; x_wconf 92' lang='lat' dir='ltr'>quc</span> 
     </span>
     <span class='ocr_line' id='line_1_42' title="bbox 390 5317 2107 5410; baseline 0.001 -25"><span class='ocrx_word' id='word_1_458' title='bbox 390 5320 518 5385; x_wconf 87' lang='lat' dir='ltr'>incerta</span> <span class='ocrx_word' id='word_1_459' title='bbox 539 5327 649 5384; x_wconf 91' lang='lat' dir='ltr'>autem</span> <span class='ocrx_word' id='word_1_460' title='bbox 672 5317 841 5402; x_wconf 88' lang='lat' dir='ltr'>collectio,</span> <span class='ocrx_word' id='word_1_461' title='bbox 873 5323 915 5388; x_wconf 92' lang='lat' dir='ltr'>de</span> <span class='ocrx_word' id='word_1_462' title='bbox 930 5343 997 5408; x_wconf 89' lang='lat' dir='ltr'>qua</span> <span class='ocrx_word' id='word_1_463' title='bbox 1011 5322 1044 5388; x_wconf 90' lang='lat' dir='ltr'>in</span> <span class='ocrx_word' id='word_1_464' title='bbox 1059 5341 1133 5405; x_wconf 89' lang='lat' dir='ltr'>sup.</span> <span class='ocrx_word' id='word_1_465' title='bbox 1147 5331 1216 5390; x_wconf 89' lang='lat' dir='ltr'>not.</span> <span class='ocrx_word' id='word_1_466' title='bbox 1283 5331 1428 5410; x_wconf 73' lang='lat' dir='ltr'>antiquae</span> <span class='ocrx_word' id='word_1_467' title='bbox 1451 5327 1644 5387; x_wconf 78' lang='lat' dir='ltr'>collectiones</span> <span class='ocrx_word' id='word_1_468' title='bbox 1665 5319 1873 5382; x_wconf 45' lang='lat' dir='ltr'>censiacum*</span> <span class='ocrx_word' id='word_1_469' title='bbox 1890 5319 2107 5386; x_wconf 86' lang='lat' dir='ltr'>eontinentur.</span> 
     </span>
    </p>
   </div>
   <div class='ocr_carea' id='block_1_9' title="bbox 0 0 2407 5956">
    <p class='ocr_par' dir='ltr' id='par_1_10' title="bbox 0 0 2407 5956">
     <span class='ocr_line' id='line_1_43' title="bbox 0 0 2407 5956; baseline 0 0"><span class='ocrx_word' id='word_1_470' title='bbox 0 0 2407 5956; x_wconf 95' lang='lat' dir='ltr'> </span> 
     </span>
    </p>
   </div>
  </div>
 </body>
</html>
