4812 5966
384 570 428 637 70
647 592 651 598 ·
974 565 1059 634 Pillit
1088 565 1131 635 de
1159 567 1229 636 ord.
1257 565 1407 636 iudieior.
1450 564 1535 636 ltu

387 785 501 856 „vero
528 757 663 860 aliquid
690 756 783 850 inde,
809 766 923 832 totum
950 755 1057 830 iudiei
1081 755 1334 852 manifestabo,
1362 755 1459 856 quod
1473 758 1521 850 ¹⁹)
1547 753 1645 832 obsit
1669 756 1727 830 vel
1751 757 1866 856 prosit
1888 757 1992 834 elieai
2020 785 2101 858 par·

386 867 522 957 „tiom,
555 862 664 934 etita
689 859 800 933 dieem
825 860 1009 932 veritatem
1034 885 1102 957 pro
1128 883 1195 932 unu
1221 872 1322 958 perte
1349 862 1442 933 sieut
1467 885 1532 958 pro
1558 859 1646 955 alio,
1678 871 1715 934 et
1741 861 1777 932 in
1802 859 1949 934 dioendo
1975 865 2101 936 verite·

387 981 486 1060 „tem
512 989 586 1037 uon
611 959 845 1036 eommiseebo
871 961 1062 1036 lalsitatem
1089 961 1260 1055 studiose,
1287 974 1323 1037 et
1349 962 1447 1062 qnod
1473 963 1609 1036 scivero
1636 989 1699 1062 per
1723 963 1835 1034 risum
1860 962 1919 1037 vol
1944 963 2102 1038 nuditum

389 1081 476 1160 „aut
502 1091 568 1165 per
593 1065 752 1159 Ειιιιιιιιι,
780 1063 893 1138 dierm
919 1061 1031 1157 illud,
1058 1064 1149 1136 siout
1175 1065 1332 1158 scivero,
1368 1074 1405 1138 et
1430 1089 1501 1137 non
1526 1063 1596 1136 ulio
1621 1064 1746 1157 modo,
1772 1075 1808 1138 et
1836 1088 1907 1137 non
1933 1065 2102 1140 dimittam

356 1194 555 1264 5„umore,
587 1168 725 1266 pretio,
758 1166 817 1238 vel
844 1163 1032 1264 precibus,
1067 1173 1127 1237 eut
1153 1167 1279 1240 timore
1308 1166 1477 1261 alieuius,
1510 1165 1614 1264 ‘quod
1638 1169 1821 1240 veritatem
1846 1165 1928 1239 inde
1952 1193 2024 1240 non
2049 1167 2102 1240 di·

388 1296 512 1367 „oem3
540 1281 577 1344 et
603 1267 761 1368 probeo
787 1268 987 1340 testimonio
1017 1264 1196 1341 reddendo
1215 1270 1374 1367 :pretium
1400 1293 1472 1342 uon
1493 1269 1636 1366 ἰεεερί,
1669 1293 1734 1344 neo
1759 1270 1908 1342 conveni
1932 1271 2102 1368 recipere,

389 1375 509 1467 „etsi
534 1371 668 1470 reeepi,
709 1369 812 1442 iudici
838 1367 1108 1442 manifestabo?
1133 1411 1181 1424 -
1234 1372 1325 1444 ltem
1357 1381 1615 1444 consueverunt
1646 1382 1759 1446 testes
1791 1371 1924 1462 iurare,
1962 1373 1996 1444 si
2025 1371 2105 1446 inde

388 1473 591 1570 dubitetur,
630 1472 746 1545 dieere
770 1469 815 1544 do
851 1481 965 1544 notate
991 1482 1027 1543 et
1052 1471 1097 1545 ele
1122 1471 1324 1548 conditione
1354 1497 1441 1545 sano
1470 1497 1670 1570 personne,
1710 1475 1815 1565 item,
1853 1474 1882 1542 si
1907 1487 1993 1544 sunt
2017 1475 2104 1547 socii

389 1577 619 1670 litigantium,
646 1574 703 1646 vel
729 1573 918 1670 participes
949 1573 1021 1666 rei,
1053 1573 1098 1646 de
1130 1598 1202 1671 qua
1232 1576 1356 1669 agitur.
1381 1617 1433 1630 --
1478 1576 1536 1646 ue
1566 1572 1636 1647 boe
1668 1585 1886 1648 snoremento
1920 1576 2104 1672 excipitur,

341 1703 374 1756 ιο
391 1680 487 1778 quod
512 1689 622 1751 testes
649 1677 789 1774 possint
810 1676 973 1771 «occipere
997 1685 1034 1748 et
1059 1675 1215 1774 reeipore
1239 1688 1376 1748 sumtus
1402 1676 1606 1750 victualium
1631 1674 1792 1768 abillis,
1819 1675 1881 1777 qui
1907 1699 1969 1749 eos
1991 1677 2105 1750 intro·

389 1781 543 1872 ducunt,
588 1789 624 1850 et
650 1777 753 1850 etium
779 1777 1036 1874 expeditionem
1059 1777 1193 1850 itineris
1222 1777 1391 1872 seniendi,
1431 1777 1530 1878 qnod
1560 1778 1704 1877 quidem
1729 1802 1748 1850 u
1775 1777 1851 1872 lege
1877 1778 2103 1874 permittitur.

390 1896 431 1957 ut
455 1880 541 2003 Cod.
569 1879 616 1952 de
639 1877 759 1998 testib.
773 1876 814 1969 4,
840 1875 903 1950 20.
931 1879 955 1950 l.
982 1879 1159 2052 oppinum.
1177 1875 1236 1951 11.
1266 1892 1301 1952 et
1327 1879 1415 2000 (lod.
1443 1880 1489 1953 de
1513 1880 1646 1979 appell.
1665 1876 1703 1975 ⁷,
1718 1875 1781 1952 62.
1804 1879 1830 1952 Ι.
1853 1903 1916 1952 εει
1932 1879 1994 1979 qui
2021 1876 2058 1952 6.
2068 1877 2104 1978 5

288 2012 421 2195 §.ss-st
447 2009 535 2183 quig-
558 1978 654 2154 2Seli
675 1977 1055 2180 sspqugertiesppt,st’‚
1075 1977 1120 2154 db
1140 1976 1626 2182 ape-nglplpposfstbffim
1650 2085 1752 2184 quis,
1775 2108 1885 2182 super
1911 2107 1984 2182 quo
2011 2083 2104 2181 eupi-

343 2215 375 2266 ιι
394 2185 470 2259 tulo
496 2209 580 2256 suos
611 2194 720 2257 testes
752 2183 938 2281 prodeest.
988 2185 1116 2282 llesp„
1156 2210 1228 2258 non
1259 2186 1375 2258 oredo.
1426 2189 1683 2279 Argumentum
1715 2195 1832 2259 umen
1862 2187 2037 2283 reperitur
2068 2187 2107 2256 in

391 2288 612 2363 eontrarium.
643 2296 684 2358 ut
700 2286 785 2379 big.
811 2285 858 2361 de
882 2286 1024 2359 iureinr.
1039 2282 1101 2379 12,
1116 2283 1150 2358 2.
1181 2287 1205 2360 l.
1231 2289 1262 2360 si
1287 2288 1371 2360 elno.
1389 2284 1448 2360 15.
1474 2285 1511 2387 5.
1539 2289 1632 2362 idem
1657 2283 1874 2361 tuterunt.
1892 2288 1989 2386 1)--
2019 2287 2107 2360 ltem

391 2415 451 2480 atr,
478 2415 558 2462 eum
584 2388 665 2486 quis
691 2386 782 2459 duos
809 2387 866 2460 vel
892 2387 1011 2484 plures
1036 2398 1147 2461 testes
1173 2389 1361 2486 produxit,
1386 2389 1569 2484 eugendus
1592 2391 1642 2464 sit
1665 2389 1793 2482 dicere,
1819 2389 1851 2460 si
1875 2389 1997 2487 plures
2023 2389 2108 2464 velit

391 2493 566 2564 inducere.
618 2491 748 2586 llesp.,
776 2515 848 2562 non
864 2490 986 2584 uideo,
1011 2489 1094 2563 lieet
1115 2491 1295 2588 quoddam
1309 2503 1555 2586 argumentum
1570 2493 1606 2564 in
1621 2493 1836 2566 eontrarium
1847 2492 2046 2565 inveniatur
2062 2492 2107 2582 2).

490 2595 537 2664 Et
561 2590 743 2664 selendum
770 2601 838 2683 est,
866 2592 974 2689 quod,
1001 2602 1187 2691 auteqrram
1211 2604 1321 2666 testes
1349 2595 1613 2688 interrogentur
1636 2594 1694 2668 vel
1720 2593 1852 2666 intrent
1874 2593 2107 2665 secretarium

341 2715 376 2767 ιο
392 2696 534 2785 iudicis,
569 2693 695 2764 titulus
719 2691 934 2764 sorihitura
965 2693 1147 2791 partibus,
1184 2720 1257 2793 quo
1283 2698 1504 2789 continetur,
1537 2695 1718 2796 quomodo
1741 2705 1781 2768 et
1804 2693 1976 2793 qualiter,
2004 2705 2046 2766 et
2072 2696 2108 2764 in

392 2797 523 2896 quibus
553 2807 594 2866 et
610 2795 640 2879 ³)
675 2792 885 2893 dequibus
919 2794 1082 2892 capitulis
1115 2797 1172 2869 sui
1205 2809 1316 2870 testes
1349 2797 1407 2871 vel
1433 2797 1601 2872 adversae
1625 2798 1735 2896 pertis
1761 2797 2040 2888 interrogentnr3
2072 2806 2109 2868 et

391 2898 494 2972 indiei
518 2898 727 2994 porrigitur,
761 2897 823 2994 qui
848 2896 949 2969 alteri
977 2899 1070 2994 porti
1097 2897 1215 2970 stetim
1240 2898 1339 2971 illum
1366 2900 1543 2993 ostendit,
1581 2913 1621 2972 ut
1647 2897 1780 2973 smibnt
1803 2923 1924 2988 suum,
1959 2897 1989 2968 si
2014 2895 2109 2990 vult,

392 3002 557 3098 quonium
582 2999 698 3070 omma
718 2998 858 3072 edendo
884 3012 983 3089 sunt,
1023 2997 1154 3097 quibus
1180 3025 1311 3073 usurus
1337 3014 1391 3074 est
1418 3005 1500 3100 quis
1531 3005 1569 3072 in
1593 3000 1742 3095 iudieio,
1779 3011 1951 3096 utsupra
1976 2997 2109 3072 dietum

393 3113 447 3174 est
464 3100 510 3196 ⁴).
561 3098 632 3171 Sed
657 3099 801 3198 quando
833 3097 902 3170 sibi
926 3112 1051 3174 cevent
1075 3100 1236 3174 odvooati
1253 3105 1307 3195 ⁵),
1334 3102 1439 3176 talem
1465 3103 1604 3176 titulum
1632 3127 1705 3177 non
1733 3102 1936 3193 eoulieiuat,
1962 3113 2110 3199 propter

344 3215 378 3264 ²5
397 3203 679 3274 adversariorum
705 3200 948 3294 calliditatem,
984 3227 1028 3274 ue
1053 3203 1187 3302 aliquid
1213 3216 1335 3277 eontro
1361 3204 1449 3278 bueo
1475 3231 1554 3278 eum
1580 3207 1652 3277 suis
1680 3204 1831 3279 testibus
1856 3201 2109 3295 machinentur,

393 3304 455 3377 sed
482 3301 588 3375 verbe
615 3302 840 3376 solummodo
866 3303 990 3376 dieunt
1015 3305 1050 3376 in
1077 3330 1160 3377 aure
1178 3303 1209 3402 6)
1233 3307 1350 3398 indici,
1375 3309 1464 3380 etsi
1488 3333 1560 3380 nou
1584 3319 1738 3404 possunt
1763 3308 1798 3378 in
1815 3330 1897 3378 eure
1915 3306 1960 3398 ⁷),
1986 3303 2110 3380 dieunt

393 3421 433 3478 ut
459 3404 583 3477 melius
609 3418 773 3502 possunt.
825 3405 914 3478 ltem
947 3406 1169 3480 consuetudo
1204 3420 1261 3480 est
1292 3409 1329 3479 in
1360 3407 1571 3506 quibusdem
1605 3409 1692 3481 loeis
1730 3409 1775 3481 de
1808 3405 1871 3478 tuli
1895 3405 2022 3499 titulo,
2057 3417 2108 3496 ot,

393 3510 453 3606 qui
481 3531 561 3580 euru
585 3505 667 3598 dat,
694 3506 745 3579 ibi
769 3505 915 3599 scribet,
941 3507 1095 3606 qualiter
1120 3519 1230 3583 testes
1255 3509 1445 3582 adversarii
1471 3513 1750 3604 interrogentur,
1776 3520 1813 3582 et
1842 3534 1927 3603 non,
1957 3507 2109 3606 qualiter

395 3611 461 3681 sui.
483 3651 534 3662 -
585 3607 655 3680 Sed
681 3606 797 3681 bonus
815 3609 846 3697 ⁸)
871 3621 907 3680 et
932 3609 1103 3681 discretus
1138 3611 1244 3683 iudex
1274 3613 1523 3706 interrogando
1555 3624 1666 3685 testes
1698 3637 1770 3685 non
1801 3609 1910 3685 debet
1940 3609 2111 3706 ins'pieere

345 3732 379 3784 ao
396 3711 553 3784 ordinem
580 3711 774 3808 scripturus
800 3708 915 3801 tituli,
958 3709 1019 3783 sed
1046 3713 1197 3809 primum
1224 3709 1332 3785 debet
1360 3713 1565 3813 simpliciter
1591 3715 1809 3808 interrogare
1834 3712 1878 3786 de
1905 3738 1967 3804 ee,
2012 3710 2111 3812 quod

395 3825 504 3886 testes
533 3814 651 3886 sciunt
676 3822 711 3886 ot
733 3811 850 3884 dicere
871 3810 1000 3885 uolunt
1024 3837 1089 3909 per
1114 3837 1171 3908 se,
1212 3824 1248 3886 et
1273 3824 1397 3912 posteo
1430 3817 1631 3890 consideret
1653 3819 1886 3915 scripturum,
1927 3812 2028 3886 etde
2053 3837 2109 3902 eo,

396 3915 494 4013 quod
520 3915 555 3986 in
581 3915 653 3987 fine
677 3925 751 4005 est,
777 3914 972 4007 interroget
1001 3916 1122 4012 prius,
1157 3927 1193 3988 et
1219 3913 1435 4015 quandoque
1459 3918 1505 3992 de
1530 3944 1591 4013 eo,
1625 3917 1724 4018 quod
1747 3928 1803 3991 est
1827 3916 1864 3986 io
1890 3913 2016 4006 medio,
2038 3915 2111 3985 sie·

397 4042 468 4114 que
494 4016 674 4090 subtiliter
699 4027 875 4088 serutatur
902 4017 1039 4108 omnin,
1070 4027 1106 4087 et
1133 4017 1296 4114 inquirit,
1341 4043 1433 4119 quae
1465 4030 1575 4094 testes
1608 4019 1748 4114 dieunt,
1787 4018 1819 4090 si
1850 4024 2002 4117 possunt
2033 4039 2113 4087 esse

397 4143 480 4192 veru
507 4117 562 4189 vel
584 4117 805 4210 verisimilis,
850 4128 885 4191 et
911 4119 1144 4190 comminatur
1170 4117 1323 4192 testibus
1351 4134 1388 4194 et
1413 4120 1641 4219 reprehendit
1675 4143 1737 4196 eos
1763 4121 1856 4193 eirea
1881 4119 2113 4192 constantium

347 4241 379 4294 us
397 4220 456 4294 vel
478 4220 743 4292 inconstantium
767 4219 952 4292 dictorum.
976 4259 1028 4275 -
1069 4219 1173 4312 Item,
1200 4221 1232 4290 si
1256 4226 1481 4321 perspexerit
1506 4249 1568 4298 eos
1596 4223 1689 4298 eireu
1714 4221 1820 4296 fldem
1847 4243 1932 4292 suae
1956 4220 2111 4294 testatio·

397 4326 450 4396 nis
476 4319 663 4414 vueillere,
705 4333 766 4393 aut
791 4319 917 4446 fraude
941 4319 999 4394 vel
1024 4319 1180 4394 falsitate
1204 4347 1276 4397 non
1300 4349 1441 4418 curere,
1484 4325 1617 4424 poterit
1643 4350 1705 4398 eos
1729 4325 1853 4397 eiicere
1879 4319 1937 4395 vel
1962 4321 2006 4394 ud
2034 4347 2112 4394 eru·

443 4573 502 4656 19)
543 4576 632 4653 quod.
647 4570 688 4638 G.
702 4607 745 4620 --
759 4571 876 4656 „quid”
889 4572 924 4636 P.
943 4610 983 4620 »-
998 4573 1036 4638 Β.
1051 4595 1115 4640 οιιι.
1329 4575 1370 4660 5)
1411 4581 1533 4656 quando
1554 4600 1581 4640 a.
1600 4599 1626 4642 e.
1642 4599 1673 4640 u.
1688 4574 1729 4640 B.
1758 4611 1801 4624 —
1827 4573 2114 4659 A1.„qum‹toqne

443 4675 481 4750 1)
524 4668 977 4740 Cthosr.l.l.netltt.ad
997 4672 1095 4760 510.
1201 4662 1205 4670 ’
1290 4695 1337 4743 os.
1352 4697 1382 4744 o.
1397 4695 1427 4743 a.
1440 4679 1565 4770 guod?
1579 4677 1616 4742 Ρ.
1628 4675 1672 4742 G.

440 4776 478 4856 2)
522 4772 782 4857 (litterarum.
798 4773 892 4840 lib.l.
915 4776 1053 4860 potin
1070 4777 1112 4840 de
1127 4787 1222 4840 teste.
1332 4777 1371 4861 6)
1412 4801 1498 4844 aree.
1512 4779 1551 4844 B.
1565 4779 1602 4844 Ρ.
1617 4813 1659 4826 -
1672 4777 1725 4845 ΑΙ.
1741 4776 1894 4844 „aenea”
1910 4775 1948 4840 G.

400 4878 430 4962 §.
445 4877 474 4942 3.
488 4875 620 4943 num‘d
1333 4881 1374 4961 7)
1415 4888 1547 4944 moure.
1562 4879 1719 4947 P.-nt
1734 4874 2114 4942 nunonem-Gon.

368 5003 383 5050 s
443 4979 479 5058 3)
522 4991 558 5044 et.
574 4979 613 5044 Ρ.
629 4977 669 5044 G.
685 5017 726 5028 —
739 4977 792 5046 Al.
808 4976 963 5045 ovel”B.
1095 5019 1097 5023 ψ
1332 4978 1371 5061 8)
1414 4981 1599 5046 serem
1613 4981 1749 5046 uros.
1763 4987 1839 5044 test.
1854 4981 1900 5042 10.
1909 4977 2011 5040 Andr.
2020 4981 2064 5040 nd
2073 4979 2114 5040 D.

442 5082 479 5164 4)
522 5092 672 5164 utsupra
697 5085 812 5146 ‹tietum
832 5089 887 5144 ert.
910 5077 948 5142 P.
966 5077 1009 5141 G.
1033 5113 1073 5124 -
1092 5077 1148 5144 Al.
1167 5089 1226 5144 sut
1292 5101 1340 5160 ap.
1356 5078 1411 5145 lib.
1428 5079 1456 5144 1.
1476 5081 1613 5164 pdtit.
1628 5081 1671 5146 de
1682 5088 1781 5144 teste.
1796 5077 1826 5166 §.
1841 5079 1870 5144 7.
1885 5096 1972 5142 num.
1987 5075 2018 5142 3.
2033 5079 2067 5144 in
2081 5097 2114 5141 v.

403 5185 543 5250 „dictum
558 5185 639 5250 est”
653 5183 692 5249 B.
710 5219 749 5230 ·-
763 5180 817 5248 uf.
832 5189 915 5262 part.
932 5177 960 5244 l.
981 5175 1012 5262 §.
1029 5177 1059 5243 3.
1082 5199 1157 5264 pag.
1174 5180 1224 5245 13.
1292 5179 1447 5247 adhibite.
1474 5181 1668 5248 »Pili-rubr.
1683 5181 1810 5250 tertio.”
1832 5175 1882 5246 Cf.
1897 5187 1962 5243 not.
1980 5178 2008 5244 l.
2024 5178 2114 5245 adh.

401 5287 666 5370 mmzmaeg
1294 5280 1475 5368 mm§8
