4786 5962
1933 575 1998 620 {Vll

269 739 479 847 scriptiones
504 771 571 845 pro
598 743 757 838 genuinis
783 733 975 814 habendas'
990 765 1070 812 esse
1094 741 1226 840 putavi.
1278 739 1405 814 Pillius
1449 742 1539 814 enim
1570 742 1715 816 istarum
1746 748 1996 842 particularum

268 880 406 944 tantum
431 878 539 965 atque
563 861 689 964 §amm
716 862 928 936 mentionem
954 859 1122 958 secit⁷⁸);
1165 871 1201 932 et
1227 859 1263 931 iu
1288 859 1461 953 rubricis,
1504 886 1595 958 quae
1620 864 1657 933 in
1683 863 1864 937 codicibus
1888 879 1996 966 atque

269 991 305 1060 in
335 987 431 1060 edito
458 983 551 1057 libro
576 983 756 1076 leguntur,
798 990 895 1052 tanta
922 991 977 1054 est
1003 979 1191 1052 lectionum
1217 979 1387 1072 varietas,
1429 990 1471 1051 ut
1502 1005 1560 1052 ens
1595 979 1640 1053 ab
1674 982 1750 1054 aliis
1784 1010 1852 1081 pro
1878 985 1995 1062 lubitu

267 1106 406 1179 additas
444 1129 523 1178 esse
549 1103 607 1174 six
642 1099 805 1172 dubitare
834 1097 951 1196 possis
968 1095 1029 1195 ⁷⁹).
1105 1099 1229 1196 Neque
1255 1099 1477 1188 testimonia,
1517 1123 1607 1196 quae
1631 1099 1806 1174 lebannes
1831 1105 1994 1182 Andreae

268 1225 313 1298 de
337 1222 539 1296 huiusmodi
566 1216 857 1319 inscriptionibus
880 1215 1072 1314 perbibuit,
1100 1216 1273 1290 hocloco
1300 1217 1476 1316 sequenda
1504 1229 1606 1312 sunt3
1633 1219 1663 1290 is
1690 1223 1802 1314 enim,
1830 1229 1992 1320 quamvis

267 1344 425 1436 ningulus
463 1340 657 1440 particulas
692 1347 854 1410 accurate
889 1335 1078 1430 allegavit,
1129 1335 1250 1408 codice
1281 1347 1398 1409 tamen
1436 1336 1558 1434 aliquo
1589 1362 1673 1408 nans
1705 1352 1778 1433 est,
1822 1345 1877 1415 cui
1904 1346 1993 1422 talea

267 1473 408 1536 constat
442 1461 638 1557 adscriptas
691 1458 801 1529 l'uisse
841 1452 1020 1549 rubricas,
1071 1481 1160 1556 quas
1201 1457 1237 1526 in
1282 1481 1417 1528 summa
1463 1455 1550 1528 adeo
1597 1455 1679 1528 libri
1732 1457 1902 1536 divisione
1941 1469 1992 1544 in.

267 1593 369 1680 eptas
402 1581 497 1652 omni
523 1579 593 1650 lide
621 1602 740 1650 carere
768 1575 863 1648 baud
896 1565 1123 1679 1131111180).
1186 1575 1350 1647 Ceterum
1389 1585 1503 1646 totum
1537 1576 1679 1674 quidem
1711 1576 1805 1650 Pillii
1840 1607 1992 1682 opuscu.
2106 1581 2107 1584 ’

267 1702 338 1772 lum
363 1725 417 1771 me
450 1698 601 1771 edidisse
627 1719 836 1794 persuasum
863 1691 1065 1787 habeofflp
1104 1693 1166 1766 sed
1192 1719 1234 1766 eo
1262 1695 1398 1766 iamiam
1427 1703 1633 1791 perventum
1657 1722 1756 1790 esse,
1791 1712 1830 1772 11
1854 1729 1989 1802 omncs,

267 1840 355 1918 quae
389 1819 473 1891 olim
504 1819 660 1888 intrusae
687 1815 837 1906 luerint,
881 1813 1024 1909 spuriae
1051 1811 1244 1910 particulae
1271 1813 1539 1909 detegerentur,
1579 1841 1646 1914 pro
1680 1828 1778 1890 certo
1813 1820 1989 1902 allirmare

267 1964 341 2012 nun
367 1939 480 2008 ausim
497 1937 564 2004 8²·

371 2056 491 2130 Grau,
516 1927 767 2152 gramsta),
806 2050 1023 2143 argumentis
1049 2073 1093 2121 ex
1108 2051 1277 2122 canonico
1302 2051 1377 2122 iure
1400 2051 1593 2148 desumtis,
1619 2055 1753 2129 formas
1772 2062 1990 2154 potissimum

267 2174 442 2274 explicare
475 2186 510 2246 et
537 2172 708 2268 exemplis
742 2169 923 2241 illustrare
956 2169 1127 2258 instituit,
1169 2168 1234 2241 sed
1259 2170 1440 2267 complura
1477 2174 1577 2244 nimis
1610 2173 1815 2250 festinanter
1845 2207 1988 2282 compo·

267 2295 342 2368 ,uit
357 2293 418 2378 st),
470 2293 559 2365 Post
581 2291 742 2384 Gregorii
767 2288 852 2361 noni
874 2286 1119 2360 collectionem
1141 2286 1249 2358 semel
1271 2299 1405 2360 tantum
1425 2293 1619 2362 Innocentii
1640 2297 1757 2391 quarti
1778 2297 1988 2379 decretalem

269 2401 512 2508 allegamus),
538 2437 602 2483 ηερ
628 2410 695 2482 alia
722 2409 857 2503 reperi,
884 2403 1012 2504 quibus
1039 2408 1236 2478 accuratior
1262 2410 1431 2504 temporis
1457 2409 1613 2483 delinitio
1640 2415 1904 2511 comprobetur.
1991 2426 1997 2446 ’

369 2532 583 2604 contextum
609 2528 713 2601 buius
739 2523 823 2598 libri
850 2551 895 2598 ex
922 2522 1043 2598 codice
1071 2527 1173 2598 unico
1199 2526 1367 2623 descripsi
1384 2521 1459 2630 ⁸⁸),
1492 2529 1554 2601 sed
1582 2557 1670 2629 quas
1696 2537 1905 2610 coniecturis
1930 2567 1987 2614 as·

266 2652 368 2751 requi
393 2661 575 2747 poteram,
618 2644 818 2743 complures
848 2643 1106 2716 emendationes
1132 2643 1267 2738 addidi,
1306 2647 1413 2717 simul
1448 2658 1563 2720 tamen
1597 2651 1756 2725 lectionis
1782 2657 1986 2734 varietatem

265 2775 300 2842 in
334 2765 619 2840 adnotationibus
649 2764 873 2862 1111111187).
925 2762 1182 2836 Particularum
1215 2763 1499 2838 distributionem
1526 2781 1562 2842 et
1588 2773 1775 2845 nonnullas
1803 2777 1985 2854 titulorum

306 3089 363 3170 78)
408 3085 460 3152 cf.
475 3097 541 3150 not.
557 3084 712 3169 praeced.
729 3083 781 3148 77.
800 3093 833 3147 et
846 3089 984 3168 pagati.
1001 3103 1090 3149 vers.
1160 3089 1213 3153 bio
1236 3089 1349 3172 spuria
1370 3107 1448 3174 esse
1470 3087 1605 3174 quilibet
1626 3093 1752 3158 viderit.
1782 3095 1849 3162 lsta
1863 3102 1984 3181 omnia,

267 3189 383 3257 11111.
426 3187 553 3262 Quodsi
565 3206 644 3251 vero
655 3184 764 3250 titulos
776 3185 847 3250 sive
858 3185 1090 3267 inscriptiones
1159 3190 1191 3253 in
1208 3192 1470 3255 adnotationibus
1492 3205 1642 3272 servata,
1669 3195 1774 3281 signis
1790 3209 1982 3267 tantummo-

264 3291 497 3376 apposuisset,
532 3308 606 3352 cnm
635 3298 667 3352 et
693 3287 821 3371 passim
850 3284 918 3369 (es.
946 3283 1090 3370 pegae.
1159 3293 1202 3355 do
1225 3293 1313 3376 (asp.
1331 3294 1427 3356 add.”
1449 3293 1521 3358 sive
1547 3315 1617 3378 esp.
1637 3299 1712 3361 add.
1728 3297 1787 3363 B.”
1802 3305 1883 3386 etc.)
1900 3305 1983 3370 indi·

234 3379 353 3459 'vers
371 3394 470 3472 15.)
503 3393 691 3456 accuratius
716 3387 822 3473 loqui,
852 3398 885 3451 11
914 3387 1089 3456 allisionis
1158 3395 1243 3460 cavi.
1282 3394 1334 3458 De
1350 3393 1423 3459 aliis
1438 3395 1521 3460 locis
1537 3401 1724 3464 accuratius
1741 3401 1861 3468 dietum
1878 3417 1939 3472 est.

264 3493 325 3580 (el'.
343 3513 421 3580 pag.
438 3499 488 3562 18.
504 3511 592 3557 vers.
610 3490 660 3559 16.
677 3493 836 3577 etseqq.)
852 3489 1089 3555 enumerationi
1197 3493 1256 3579 83)
1301 3493 1352 3561 Cl'.
1375 3499 1573 3579 18111111.
1598 3499 1637 3564 G.
1661 3503 1801 3566 aar.
1825 3509 1909 3570 r'.M.
1941 3509 1980 3574 Τ.

263 3605 545 3682 argumentorum,
576 3593 617 3657 de
639 3592 759 3678 quibus
781 3612 822 3656 eo
843 3611 950 3685 usque
966 3593 1089 3657 dictum
1157 3603 1187 3664 5.
1202 3618 1277 3683 pag,
1296 3603 1368 3666 146.
1385 3608 1418 3662 et
1431 3613 1525 3685 seqq,

265 3710 357 3779 erat,
387 3697 612 3781 supersedere
643 3695 793 3779 potuisse
813 3691 914 3759 facile
930 3692 1087 3759 estlntel·
1198 3699 1257 3783 81)
1299 3698 1373 3765 Vid.
1406 3701 1554 3784 inprimis
1584 3711 1668 3787 part.
1690 3701 1719 3769 3.
1751 3727 1826 3792 pag.
1845 3707 1919 3776 379.
1949 3722 1982 3776 11

263 3801 360 3868 11111.
903 3829 906 3844 ¹
1156 3821 1250 3887 seqq.

305 3903 364 3985 79)
408 3901 507 3984 istam
535 3898 727 3964 varietatem
759 3897 793 3961 in
822 3896 1087 3962 adnotationibus
1195 3902 1255 3987 85)
1297 3902 1374 3968 Vid.
1396 3923 1472 3990 pag.
1487 3903 1560 3972 358.
1582 3926 1666 3972 vers
1683 3909 1736 3976 25.
1759 3919 1792 3974 et
1812 3931 1888 3998 pag.
1904 3913 1978 3983 361,

267 4005 530 4068 commemoravi.
572 4000 795 4085 insuperiori
824 4009 933 4064 autem
950 3999 1087 4082 pagina·
1154 4011 1290 4072 10115,

266 4121 338 4166 rum
352 4105 497 4189 margine
514 4102 689 4168 commode
710 4101 842 4186 quidem
856 4099 1087 4183 inscriptiones
1195 4105 1255 4191 86)
1297 4105 1358 4172 Est
1372 4110 1623 4188 Burnterpenn's,
1654 4111 1686 4173 in
1712 4113 1797 4177 med.
1817 4113 1977 4184 1111111-

267 4203 439 4269 addendae
455 4225 533 4270 esse
548 4205 762 4281 videbantur,
791 4202 853 4267 sed
873 4200 1087 4267 uncisinclu·
1156 4207 1232 4276 cell,
1255 4205 1297 4272 D.
1313 4207 1349 4272 ll.
1373 4215 1423 4276 16.
1451 4207 1528 4275 bibl.
1555 4231 1645 4296 reg,
1682 4211 1777 4280 form.
1804 4215 1862 4280 iol.
1888 4223 1976 4298 mai,

266 4325 325 4371 sae
341 4317 434 4384 sunt,
463 4328 505 4371 ne
521 4309 684 4392 genuinae
699 4325 778 4370 esse
794 4305 1019 4369 crederentur.
1156 4311 1347 4388 membran,
1363 4309 1450 4376 XlV.
1467 4330 1569 4388 suec,
1590 4333 1708 4398 parum
1723 4327 1877 4382 accurate
1893 4321 1976 4385 scri.

307 4405 367 4490 80)
412 4405 463 4470 Gi.
477 4429 552 4491 pag.
569 4415 619 4474 54.
636 4419 702 4472 not.
721 4414 749 4473 1.
765 4405 808 4470 ad
823 4403 854 4490 §.
869 4404 900 4471 5.
1155 4426 1248 4499 ptus,
1278 4413 1340 4477 sed
1366 4433 1386 4477 a
1404 4411 1545 4506 glossis,
1575 4435 1661 4500 quae
1683 4419 1716 4481 in
1732 4428 1917 4486 contextum
1932 4422 1975 4486 ir·

307 4507 366 4593 81)
410 4505 543 4572 Dixeris
573 4506 735 4588 11111111,
766 4508 890 4572 abesse
913 4525 972 4584 ea,
1003 4523 1088 4590 quae
1155 4512 1890 4603 1111111111,11111111111111111111111.
1922 4521 1975 4591 Gi.

265 4609 381 4676 Pillius
411 4609 453 4673 de
477 4609 689 4674 exsecutione
719 4630 757 4674 se
785 4608 979 4673 traditurum
1008 4625 1087 4671 esse
1155 4638 1232 4703 pag.
1251 4615 1323 4681 353.
1339 4627 1402 4680 not,
1420 4615 1486 4697 52,
1502 4637 1578 4702 pag,
1595 4617 1667 4686 364,
1685 4628 1750 4682 not.
1765 4617 1816 4686 68,

262 4711 449 4800 profitetum
478 4707 537 4794 (ci
560 4709 701 4793 pag-55·
723 4731 813 4775 vers·
827 4708 876 4793 lb)
897 4708 1087 4775 alinclden·
1196 4717 1255 4801 87)
1298 4718 1477 4783 Ρ11111111
1503 4719 1566 4785 boc
1591 4720 1664 4786 loeo
1687 4721 1888 4804 generaliter
1906 4749 1974 4794 mo·

262 4828 314 4880 ter
328 4812 446 4878 saltem
465 4809 531 4876 hoc
549 4821 777 4894 argumentum
797 4811 908 4896 tetigit.
933 4809 991 4894 (cs.
1008 4829 1085 4896 pag.
1154 4841 1236 4886 nere
1274 4818 1413 4900 sufficit,
1449 4841 1570 4886 nomen
1598 4820 1783 4902 Tenui-cdl,
1817 4829 1905 4913 quod
1941 4831 1975 4895 ῑῃ

262 4915 313 4982 83.
330 4935 416 4980 vers.
431 4913 484 4980 27.
500 4913 656 4998 etseqq.)
1157 4921 1290 4988 Gratiae
1328 4919 1412 4987 libro
1441 4943 1607 5007 persaepe
1643 4921 1813 4994 laudatum
1842 4940 1911 5010 est,
1941 4933 1999 4996 iu.

304 5017 363 5100 82)
408 5014 606 5100 Complura,
636 5034 722 5102 quae
749 5016 782 5078 in
802 5034 868 5078 ¹1¹¹⁰
895 5024 1017 5078 lanium
1040 5011 1086 5078 ³1·
1153 5025 1269 5090 Bamb.
1293 5024 1365 5090 cod.
1391 5023 1585 5110 plerumque
1607 5027 1778 5094 notissimo
1799 5031 1894 5115 signo
1914 5035 1975 5098 rt.”

259 5133 374 5186 terove
400 5117 513 5183 codice
536 5114 707 5201 leguntur,
737 5117 917 5199 agentius>
933 5123 1088 5179 contextu
1155 5147 1354 5210 expressum
1379 5147 1468 5192 esse.
1511 5123 1746 5195 Verumtamen
1768 5129 1880 5198 ultimo
1898 5131 1973 5200 loco

260 5220 371 5286 aliena
386 5237 464 5282 esse
478 5217 633 5284 laclllimc
649 5227 748 5302 patet.
793 5215 861 5281 Sed
876 5225 909 5278 11
920 5213 1087 5294 nonnulla,
1155 5229 1248 5316 (pag,
1263 5227 1336 5296 384,
1355 5247 1442 5294 vers.
1457 5225 1529 5314 26)
1552 5227 1651 5314 plene
1672 5232 1828 5316 scriptum
1843 5233 1972 5320 legitur.

259 5341 348 5408 quae
363 5322 396 5384 in
411 5320 563 5384 omnibus
578 5316 671 5384 libris
686 5321 910 5403 reperiuntur,
940 5316 1013 5380 sine
1029 5314 1088 5378 dn·

1760 5431 1779 5476 c
