4812 5962
553 611 662 677 1161.
691 609 745 677 θ6
759 611 821 678 iur.
837 611 899 677 661.
928 607 958 697 6.
973 609 1005 676 6.
1048 609 1110 676 Tit.
1124 611 1155 678 3.
1182 612 1237 688 De
1252 615 1408 700 interrog.
1423 611 1490 679 166.
1505 614 1538 678 16
1553 613 1635 678 inre.
1665 612 1694 700 6.
1714 613 1742 678 l.
1942 612 2005 680 107

283 799 441 902 ΡὶΙΙὶὶ55)
475 803 587 898 magis
615 801 735 899 placet
767 801 849 874 mibi
882 803 918 873 in
950 799 1016 874 hac
1049 813 1150 900 parte
1167 801 1236 898 ⁵ss);
1276 814 1311 875 et
1342 805 1390 876 ita
1425 828 1464 877 se
1500 802 1610 876 babet
1642 802 1822 876 bominum
1855 831 2003 877 consue·

282 905 380 977 tudo.

383 1005 453 1080 Sed
480 1031 591 1103 pone,
624 1006 722 1105 quod
747 1006 817 1078 ltoc
838 1016 1093 1078 sacramentum
1121 1033 1193 1077 non
1214 1007 1395 1099 exigatur,
1443 1006 1505 1078 sed
1532 1009 1747 1106 procedatur
1772 1010 1808 1080 in
1836 1034 1939 1081 causa
1968 1021 2003 1080 et

283 1109 420 1182 feratur
446 1110 638 1202 sententia,
668 1108 753 1207 quid
780 1109 878 1181 erit?
920 1109 1013 1180 nteit
1040 1109 1199 1181 dominns
1226 1108 1433 1206 Pilliusii),
1460 1111 1558 1208 quod
1587 1123 1682 1185 tenet
1705 1111 1785 1184 talis
1812 1113 2004 1205 sententia,

281 1237 353 1283 non
380 1223 434 1284 est
456 1212 546 1282 enim
573 1211 843 1307 praestandum,
871 1211 936 1281 nisi
965 1213 1132 1304 exigatur.
1160 1222 1198 1283 ut
1216 1212 1294 1304 big.
1319 1211 1363 1283 de
1384 1237 1465 1283 nov.
1485 1237 1544 1310 op.
1568 1226 1666 1284 nunt.
1683 1211 1747 1308 59,
1764 1211 1796 1284 1.
1822 1215 1846 1285 l.
1869 1214 1914 1286 de
1934 1240 2001 1310 pu·
2020 1239 2034 1289 5

283 1313 381 1411 pillo.
399 1311 435 1384 5.
465 1311 498 1412 g.
534 1315 594 1410 qui
629 1311 808 1409 666611.
836 1314 915 1407 llig.
949 1312 994 1385 de
1025 1309 1246 1404 1666166611,
1268 1310 1303 1384 1.
1336 1313 1361 1383 l.
1394 1315 1642 1388 iusiurandum.
1657 1314 1721 1389 51.
1748 1314 1783 1415 6.
1810 1317 1872 1415 qui
1896 1317 2000 1386 iusiu-

282 1413 555 1514 randum.1l.⁵⁸)
608 1416 655 1488 Et
680 1414 748 1487 boc
774 1415 858 1486 sotis
884 1417 1012 1486 iustum
1040 1415 1178 1486 videtur
1193 1413 1253 1513 5⁹).

769 1598 822 1665 De
837 1599 1147 1683 interrogationibus
1161 1596 1322 1664 faciendis
1336 1599 1370 1664 in
1384 1599 1466 1666 iure.
1486 1601 1518 1683 1)
2004 1609 2085 1685 ’1.5.

383 1720 594 1792 Audivimus
622 1745 729 1818 snpra
765 1722 799 1790 in
833 1722 957 1794 ultimo
991 1720 1095 1792 titulo
1129 1721 1304 1792 secundae
1335 1724 1447 1820 partis
1481 1723 1525 1795 dc
1561 1723 1895 1818 interrogationibus
1922 1733 2001 1794 ante

283 1823 356 1896 litis
383 1817 673 1895 contestationem
701 1823 887 1916 iaciendis,
926 1822 988 1893 sed
1022 1825 1104 1920 qnia
1135 1825 1305 1919 praestito
1340 1825 1533 1897 iuramento
1563 1826 1756 1898 calumniae
1784 1829 2053 1918 interrogas-10

283 1925 349 1998 dae
364 1938 447 1996 sunt
463 1935 581 2022 partes
598 1949 707 2020 super
721 1927 862 2018 negotio
875 1927 966 2022 ipso,
993 1924 1071 1996 ideo
1085 1923 1130 1996 dc
1146 1922 1201 1993 bis
1217 1927 1549 2018 interrogationibus
1563 1928 1752 2020 videamus,
1779 1929 1911 2000 scilicet
1925 1928 2001 2023 quis

282 2027 410 2100 debeat
422 2029 715 2119 interrogationes
729 2026 862 2120 lacere,
899 2029 977 2124 quis
991 2028 1282 2119 interrogationes
1298 2027 1470 2122 formare,
1493 2030 1645 2129 qualiter
1660 2042 1743 2101 sunt
1761 2032 1791 2120 2)
1808 2028 2001 2118 faciendae,

283 2130 435 2228 qualiter
455 2131 502 2200 sit
517 2128 620 2199 iudici
640 2129 944 2226 respondendum,
972 2128 1017 2200 de
1042 2127 1173 2226 quibus
1201 2127 1309 2199 rebus
1334 2129 1411 2200 lieri
1437 2130 1568 2203 debent
1586 2133 1616 2215 ³)
1645 2133 1939 2225 interrogationes
1958 2131 2001 2220 ⁴).

382 2230 417 2330 6.
468 2233 691 2325 Interrogare
725 2229 831 2302 debet
863 2229 989 2323 iudex,
1029 2232 1088 2329 qui
1124 2231 1168 2303 de
1201 2255 1306 2302 causa
1327 2235 1544 2328 cognoscit,
1583 2245 1623 2304 ut
1647 2234 1728 2326 θὶς.
1762 2233 1806 2304 66
1831 2227 2036 2326 interrog}
2053 2225 2085 2296 l.

283 2329 911 2429 666111.1661611666616164.
944 2345 981 2405 et
1015 2332 1039 2401 l.
1067 2333 1111 2404 de
1137 2345 1262 2404 aetate.
1280 2329 1338 2404 ll.
1371 2331 1407 2432 §-
1443 2338 1505 2434 qui
1538 2337 1657 2407 tacuit.
1675 2332 1711 2405 1.
1729 2334 1783 2432 ⁵),
1825 2345 1862 2406 et
1897 2336 2000 2404 etiam
2022 2359 2051 2408 re

282 2459 463 2528 assessor,
504 2437 666 2533 quoniam
699 2437 887 2532 participat
917 2436 951 2505 in
985 2432 1319 2528 interrogationibus
1337 2435 1387 2527 θ),
1415 2449 1455 2508 ut
1480 2439 1559 2531 llig.
1587 2438 1631 2510 dc
1654 2435 1714 2510 611.
1742 2459 1869 2508 666666.
1888 2431 2001 2526 1,11.

282 2536 306 2607 1.
326 2536 360 2608 1.
380 2539 434 2629 ⁷),
475 2549 510 2608 et
535 2539 693 2610 notarius
720 2561 781 2608 seu
809 2538 915 2628 alter,
957 2534 1085 2634 quibus
1110 2537 1217 2608 iudex
1242 2535 1310 2608 boc
1336 2539 1559 2611 commiserit.
1577 2541 1608 2631 8)
1642 2565 1716 2633 arg.
1743 2535 2000 2610 11566611.

283 2639 354 2711 ind.
381 2639 495 2731 deleg.
511 2636 546 2731 l,
566 2635 625 2711 l8.
653 2665 683 2711 c.
705 2665 810 2736 super
834 2640 1091 2737 quaestionum.
1106 2637 1142 2710 6.
1161 2641 1203 2729 9).

383 2743 652 2833 Verumtamen,
682 2740 764 2813 licet
788 2765 859 2812 non
886 2752 1047 2812 teneatur
1073 2740 1200 2838 aliquis
1230 2741 1274 2813 ad
1299 2742 1607 2835 interrogationem
1636 2740 1825 2814 adversarii
1854 2765 2000 2837 respon·

282 2844 384 2936 dere,
419 2846 449 2913 si
476 2840 521 2913 ab
548 2842 748 2915 adversario
783 2843 1019 2936 interrogatus
1047 2844 1084 2914 in
1109 2845 1185 2916 iure
1211 2844 1424 2942 respondeat
1449 2843 1507 2918 vel
1533 2845 1565 2915 si
1591 2843 1726 2943 absque
1753 2845 2000 2937 interrogatio·
2019 2871 2052 2919 20

284 3097 433 3180 „mniori
462 3106 496 3159 ut
517 3095 596 3160 dicit
624 3092 680 3159 lex
699 3105 796 3160 vetus
816 3093 893 3180 Dig.
915 3095 969 3180 qui
990 3095 1106 3160 satisd.
1175 3095 1319 3178 „iure.'')
1336 3131 1375 3143 -
1389 3093 1442 3160 Α1.
1459 3093 1535 3174 ,,θ6
1550 3095 1829 3182 interrogationib.
1845 3103 1921 3179 post
1935 3092 2000 3157 litis

283 3196 552 3284 „cog.l.dedie.
576 3194 606 3281 §.
628 3195 685 3259 ult.
709 3206 742 3259 et
763 3195 987 3262 deiureiur.l.
1005 3197 1108 3260 iusiu-
1176 3193 1744 3282 ,,66661661666.”Ι..1.1616663.
1774 3231 1816 3244 -
1846 3196 2000 3274 „Deint.,

283 3301 396 3384 „rand
417 3297 447 3385 6.
469 3297 650 3362 iusiurand.
681 3297 777 3371 Quod
798 3299 884 3364 enim
905 3299 967 3362 sub
986 3299 1049 3363 isto
1070 3300 1107 3363 ti-
1176 3317 1287 3382 „quae
1301 3294 1381 3361 fiunt
1395 3307 1471 3382 post
1485 3299 1601 3364 iurem.
1617 3298 1699 3364 cal.”
1713 3301 1752 3365 A.
1781 3335 1823 3348 -
1853 3297 1928 3380 „De
1943 3298 1999 3361 int.

283 3403 393 3488 „tulo”
414 3399 513 3482 (Cod.
529 3400 561 3479 1,
576 3397 644 3479 59.)
660 3401 835 3481 „traditur‚
865 3398 1020 3484 regulare
1036 3409 1106 3476 est3
1176 3397 1296 3480 „factis
1319 3409 1396 3482 post
1417 3421 1561 3464 sacram.
1584 3399 1646 3466 cal.
1670 3400 1887 3486 apartibus.”
1915 3397 1954 3462 L.
1969 3398 2000 3462 4.

283 3507 442 3592 „speoies
463 3511 573 3567 autem
595 3503 792 3586 generibus,
821 3523 885 3566 non
908 3521 1015 3586 genus
1031 3523 1107 3587 spe·
1176 3537 1218 3548 -
1248 3499 1324 3580 „De
1339 3503 1396 3566 int.
1418 3513 1494 3587 post
1512 3502 1625 3568 iuram.
1643 3502 1726 3570 cal.”
1754 3503 1793 3571 L.
1807 3501 1839 3567 3.
1869 3501 1904 3566 F.
1923 3500 1951 3565 1.
1969 3499 2000 3564 1.
2018 3517 2034 3565 5

283 3609 424 3690 „ciebas
450 3613 697 3670 consueverunt
719 3606 893 3688 derogare.
915 3613 950 3667 nt
968 3604 1043 3689 Dig.
1066 3605 1107 3668 de
1176 3601 1269 3666 Ham

283 3711 450 3796 „regine
467 3705 520 3787 50,
538 3703 851 3771 17.l.intoto.8tt.”
1217 3704 1255 3787 1)
1298 3713 1379 3768 runt.
1403 3704 1451 3769 lta
1467 3702 1557 3791 vulg.
1585 3705 1655 3772 hbr.
1678 3726 1844 3773 manuscr.
1878 3739 1917 3752 -
1947 3701 1998 3767 Al.

366 3813 437 3889 θὶς.
459 3815 498 3872 de
519 3815 646 3871 iareim.
664 3853 671 3870 .
687 3856 692 3867 .
710 3809 746 3887 ,6.
762 3812 933 3871 1661666661.
962 3804 1015 3872 Rs.
1033 3807 1061 3871 1.
1076 3805 1107 3871 1.
1176 3805 1295 3886 „sint-’²
1310 3803 1393 3872 161.
1411 3803 1442 3870 3.

283 3933 346 3978 om.
1217 3905 1255 3990 3)
1298 3911 1416 3970 debent.
1432 3908 1479 3972 lta
1494 3904 1583 3992 vulg.
1598 3907 1668 3973 libr.
1684 3930 1850 3974 manuscr.
1876 3943 1917 3956 -
1946 3905 2000 3970 Al.

211 3999 213 4012 “
325 4013 386 4091 55)
429 4007 884 4075 Pedicctnotromdhm.
1177 4007 1372 4090 „debeam”
1385 4009 1422 4072 L.
1438 4007 1468 4072 3.
1483 4009 1519 4072 F.
1540 4011 1568 4073 1.
1583 4009 1611 4072 6.
1627 4009 1673 4073 Μ.
1691 4012 1717 4075 1.
2013 4019 2050 4068 m

324 4113 382 4196 56)
424 4113 466 4177 H.
482 4112 511 4177 6.
527 4121 559 4176 et
574 4112 595 4176 Ι.
610 4120 685 4176 test.
701 4115 833 4174 Imrmrt.
848 4135 895 4193 ap.
916 4109 970 4176 lib.
985 4112 1016 4176 1.
1031 4113 1105 4197 61.
1217 4110 1255 4193 4)
1298 4109 1350 4174 θ6
1376 4109 1426 4173 616
1446 4110 1588 4194 quinque
1615 4109 1767 4195 capitulis
1790 4109 1823 4174 b.
1843 4109 1863 4173 l.
1884 4113 2001 4197 quaeri

282 4218 326 4282 tit.
343 4217 384 4280 de
399 4215 514 4280 iuram.
530 4213 591 4279 cal.
609 4212 685 4300 61.
701 4231 788 4277 num.
804 4211 833 4277 3.
849 4223 882 4278 et
895 4211 939 4278 ibi
951 4217 995 4276 16.
1003 4215 1106 4276 Andr.
1176 4213 1446 4276 commemoravit
1457 4215 1500 4276 lo.
1512 4213 1613 4274 Andr.
1632 4217 1727 4276 adl).
1743 4237 1788 4295 sp.
1806 4210 1828 4277 1.
1843 4213 1879 4277 tit
1903 4233 1951 4296 pr.
1967 4215 2000 4276 in

282 4325 315 4387 in
331 4341 361 4384 v.
378 4317 518 4382 secund.
531 4315 671 4380 Pillium.
1175 4333 1205 4377 v.
1222 4313 1381 4378 dicentes.

323 4421 382 4503 57)
425 4420 549 4481 Prilius.
567 4415 619 4482 (if.
633 4428 700 4483 not.
717 4415 770 4481 15.
787 4415 875 4482 adh.
891 4428 912 4481 t.
1215 4411 1256 4486 5)
1299 4421 1331 4477 el
1343 4417 1362 4476 l.
1378 4417 1415 4476 de
1429 4423 1536 4477 aetate.
1553 4416 1589 4496 ,6.
1605 4423 1661 4498 qui
1672 4425 1727 4479 tre,
1744 4416 1798 4484 Rs.
1816 4421 1844 4481 1.
1858 4421 1889 4483 9.
1905 4439 1968 4482 ont.

324 4521 383 4606 58)
426 4521 462 4598 ,6.
485 4526 541 4602 qni
557 4525 782 4584 iusiurandum.
824 4519 872 4583 lta
894 4519 1104 4584 scribendum
1216 4512 1257 4586 6)
1297 4523 1378 4595 por!-
1400 4522 1433 4576 m
1450 4523 1593 4597 interrog.
1609 4516 1667 4582 Bs.
1689 4518 1727 4583 Ι..
1739 4520 1771 4584 1.
1787 4520 1828 4584 Α.
1843 4555 1885 4566 -
1901 4518 1999 4602 Vulg.
2020 4534 2050 4582 15

283 4644 361 4691 esse
377 4623 515 4688 videtur.
538 4653 578 4666 -
602 4617 708 4684 Godd.
724 4621 763 4686 T.
779 4632 811 4687 et
825 4619 903 4686 B.B.
924 4622 1003 4708 „qui
1023 4621 1106 4686 sni”
1174 4613 1247 4680 libri
1262 4635 1429 4682 manuscr.
1454 4627 1554 4702 „part
1574 4619 1752 4704 interrog.'’
1783 4617 1852 4699 (61.
1869 4625 2001 4684 Dreram.

284 4725 360 4813 „qd'
377 4723 458 4790 sui.'’
483 4723 535 4803 „ti
549 4721 641 4801 sui?
660 4719 771 4786 Fuerit
786 4725 863 4810 „qui
879 4723 961 4790 ius.”
1175 4741 1222 4802 ap.
1238 4718 1258 4782 Ι.
1274 4719 1294 4783 Ι.
1310 4716 1340 4804 6.
1354 4717 1384 4783 3.
1398 4739 1485 4784 num.
1496 4717 1544 4799 8.)
1560 4757 1602 4770 --
1616 4719 1670 4786 Al.
1687 4733 1790 4807 „part
1805 4723 2000 4790 iurisdictio-

368 4825 421 4892 Cl'.
437 4827 509 4888 Pet
525 4833 607 4906 part.
622 4822 653 4888 3.
670 4819 701 4908 6.
715 4819 745 4885 3.
1176 4841 1273 4888 „nem
1287 4821 1344 4885 int.
1359 4818 1552 4886 166166616.”
1566 4821 1604 4887 L.
1619 4821 1650 4887 3.

324 4930 383 5013 59)
426 4931 497 5006 Dry.
521 4931 560 4988 de
580 4933 706 4989 iuretur.
731 4923 747 5004 (
756 4920 787 4985 b.
801 4939 891 5008 pag·
901 4944 991 4992 vers.
1007 4925 1055 5008 6.)
1071 4970 1079 4987 .
1095 4971 1103 4988 .
1216 4923 1253 5004 7)
1297 4921 1348 4993 Gi.
1366 4924 1469 4987 Glora.
1485 4927 1563 4990 inv.
1579 4924 1865 5008 postulationibus.

283 5039 412 5098 ridetur.
428 5025 481 5095 Rs.
498 5028 526 5091 l.
542 5017 573 5091 1.
589 5048 653 5091 om.
1215 5021 1253 5107 8)
1297 5025 1343 5089 lta
1365 5027 1498 5089 Harant.
1520 5049 1566 5108 ap.
1589 5026 1608 5091 l.
1632 5027 1654 5091 l.
1679 5025 1710 5114 6.
1724 5027 1755 5094 3.
1774 5050 1862 5095 num.
1876 5027 1907 5092 9.
1924 5047 1997 5093 nse.
2017 5045 2050 5094 20

326 5137 362 5219 l)
404 5133 453 5197 lta
466 5131 505 5195 Β.
519 5129 558 5195 L.
573 5129 601 5193 1.
633 5127 981 5210 (indamnatam.
1004 5127 1104 5192 1161.
1175 5125 1451 5193 ’.6666166663

284 5259 316 5322 p.
326 5237 357 5300 1.
372 5237 405 5300 16
420 5233 509 5300 rubr.
524 5233 567 5297 de
582 5229 766 5315 positionib.
780 5227 921 5296 „Tenen
935 5238 1029 5312 parte
1040 5237 1105 5292 ter·
1216 5225 1254 5310 9)
1297 5249 1325 5293 6.
1340 5227 1390 5293 17.
1410 5237 1483 5315 (pr.)
1499 5228 1540 5294 X.
1558 5228 1596 5294 G.
1612 5251 1641 5297 e.
1655 5244 1677 5296 t.
1697 5235 1725 5312 l,
1741 5231 1792 5296 19.
1808 5233 1918 5298 16666.
1933 5232 1963 5298 3.

283 5340 350 5420 „tia
365 5337 427 5404 sub
446 5334 535 5400 rubr.
559 5334 600 5398 de
615 5331 892 5416 interrogationib.
913 5329 1057 5397 iaciend.
1072 5328 1106 5393 in
