4782 5960
723 535 783 604 Tit
796 535 828 604 8.
857 513 1194 623 De'procuratoribus
1209 549 1241 606 et
1256 541 1413 627 syndicis.
1444 539 1475 628 §.
1491 541 1520 607 2.
1535 540 1566 610 3.
1934 541 1999 610 349

274 729 407 802 uiderat
436 729 664 803 intentionem
689 739 726 800 et
750 754 823 801 non
850 753 983 801 vocem.
1036 729 1106 802 Sed
1132 729 1189 802 laic
1217 742 1339 829 potest
1366 729 1455 823 dici,
1484 730 1581 828 quod
1607 755 1690 804 vars
1707 731 1758 830 48)
1784 744 1997 830 procurator

275 844 330 908 est
356 833 437 925 ille,
461 834 524 930 qui
550 857 691 904 causam
719 824 861 902 alterius
887 831 1119 903 demandato
1147 832 1278 904 domini
1306 834 1460 927 gratuito
1487 835 1654 929 suscipit,
1689 834 1769 928 big.
1795 836 1840 907 de
1866 841 1994 933 procu·

273 931 450 1028 rat.5,5.
477 935 500 1004 l.
520 930 553 1005 l.
581 929 688 1031 (pr.);
715 944 816 1004 actor
842 945 877 1007 et
904 933 1074 1030 syndicus
1109 947 1219 1026 agunt
1248 959 1372 1008 causas
1409 961 1597 1033 corporum
1625 937 1682 1009 vel
1708 937 1996 1032 universitatum,

274 1036 338 1108 sed
365 1047 465 1108 actor
491 1037 715 1107 constituitur
736 1037 872 1106 tantum
900 1034 944 1104 ad
970 1048 1175 1131 praesentes
1203 1061 1322 1108 causas
1349 1050 1490 1109 etcum
1518 1035 1681 1133 decreto,
1714 1037 1882 1138 syndicus
1909 1066 1995 1113 vero

275 1138 321 1210 ad
348 1148 552 1235 praesentes
585 1161 707 1209 causas
740 1147 776 1207 et
807 1136 851 1208 ad
876 1135 1035 1230 suturas,
1076 1139 1152 1210 sine
1183 1137 1337 1210 decreto.
1364 1151 1404 1211 ut
1431 1137 1601 1236 probatur
1626 1141 1707 1234 llig.
1733 1140 1829 1239 quod
1855 1144 2028 1241 cuiusq.t

275 1237 483 1333 univers5,
502 1237 540 1310 4.
566 1239 589 1310 l.
614 1241 695 1310 item
723 1235 907 1330 corono,
924 1229 977 1341 ⁴9)
1037 1239 1154 1311 Hodie
1189 1265 1271 1312 raro
1312 1239 1521 1313 observatur
1554 1239 1640 1312 haec
1672 1243 1869 1314 differentia
1904 1246 1996 1316 inter

276 1367 350 1435 eos,
376 1341 440 1412 sed
469 1343 661 1414 communis
686 1339 801 1412 forma
830 1341 1062 1413 constituendi
1089 1351 1145 1413 est
1170 1339 1272 1413 haec:
1290 1343 1337 1434 50)
1366 1344 1565 1437 „Dominus
1584 1343 1638 1437 P,
1663 1344 1729 1414 llei
1757 1345 1867 1437 gratia
1893 1371 1994 1442 prae·
2033 1407 2036 1414 .

276 1444 446 1541 „positus
473 1445 657 1536 Aretinus,
701 1437 943 1539 praesentibus
978 1455 1013 1514 et
1045 1441 1347 1516 consentientibus
1374 1446 1513 1517 domino
1542 1446 1605 1537 G.,
1647 1445 1800 1518 eiusdem
1828 1448 1996 1522 ecclesiae

275 1541 571 1641 „arcbidiacono,
603 1557 638 1617 et
664 1545 726 1638 B.,
758 1545 975 1640 primicerio,
1008 1555 1042 1616 et
1069 1546 1110 1618 ll.
1140 1556 1176 1617 et
1201 1547 1240 1617 F.
1269 1556 1304 1617 et
1330 1549 1394 1640 A„
1432 1548 1608 1618 canonicis
1638 1547 1790 1618 eiusdem
1814 1548 1993 1641 ecclesiae,

275 1649 410 1741 „fecit,
449 1649 634 1719 constituit
668 1659 704 1720 et
737 1645 913 1722 ordinavit
937 1649 964 1717 l.
993 1649 1217 1739 canonicum,
1258 1648 1364 1745 N.⁵¹)
1395 1648 1581 1740 clericum,
1618 1659 1652 1720 et
1678 1647 1925 1748 presbyterum
1952 1650 1990 1724 S.
2008 1661 2043 1718 tt

274 1775 388 1842 „suos
413 1760 681 1845 procuratores,
717 1748 882 1848 syndicus
910 1760 945 1820 ct
972 1760 1132 1841 actores,
1171 1775 1211 1821 ac
1236 1749 1437 1822 defensores
1465 1763 1501 1821 et
1527 1750 1744 1822 sullicientcs
1769 1752 1994 1848 responsales

274 1855 340 1946 „in
367 1851 495 1923 eausa”
524 1850 595 1940 (vel
619 1851 825 1943 „causis”),
853 1851 1026 1948 „qunm”,
1062 1849 1139 1954 (vel
1166 1842 1329 1954 „quas’')
1360 1851 1520 1945 „babet”
1548 1851 1619 1950 (vel
1647 1851 1992 1953 „l1aberespcrat”)

274 1980 382 2048 „cum
408 1953 551 2024 domino
577 1955 624 2024 ll.
651 1964 685 2024 et
712 1949 995 2051 quibuscumque
1022 1951 1098 2024 aliis
1131 1979 1250 2026 coram
1281 1954 1448 2051 episeopo
1474 1955 1711 2047 Bononiensi,
1754 1979 1774 2025 a
1802 1955 1885 2028 sede
1909 1981 1993 2052 apo·

275 2055 430 2150 „stolica
457 2055 571 2127 indice
598 2054 773 2148 delegato,
801 2065 836 2124 et
862 2080 979 2126 eoram
1007 2053 1170 2152 quolibet
1196 2056 1264 2126 olio
1290 2056 1404 2126 iudice
1425 2054 1615 2148 ordinario,
1638 2055 1799 2149 delegato
1825 2057 1883 2129 vel
1909 2054 1994 2130 sub·

274 2157 485 2252 „delegato,
513 2183 622 2255 super
643 2156 777 2254 capella
800 2155 879 2226 talis
905 2156 996 2247 loci,
1025 2158 1092 2228 sita
1117 2159 1152 2228 iu
1179 2156 1241 2229 tali
1269 2168 1405 2250 castro,
1436 2169 1470 2228 et
1495 2181 1605 2253 super
1631 2181 1847 2256 quacumque
1875 2183 1992 2254 eausa,
2011 2169 2045 2225 1⁵

274 2270 426 2355 „contra
452 2285 513 2331 eos
539 2270 634 2330 muta
661 2258 718 2330 vel
745 2256 939 2352 movenda,
965 2257 1053 2329 dans
1080 2259 1128 2329 eis
1155 2257 1301 2330 liberam
1329 2269 1540 2355 potestatem
1568 2258 1692 2352 agendi
1718 2263 1802 2331 etc.”

374 2363 421 2432 Et
448 2374 552 2454 nota,
579 2361 676 2459 quod
703 2362 732 2432 si
759 2361 934 2453 negotium
962 2361 1008 2431 sit
1035 2385 1217 2434 commuue
1242 2362 1335 2432 inter
1360 2362 1563 2458 episcopum
1592 2373 1627 2432 et
1646 2361 1857 2454 canonicos,
1884 2361 1992 2433 simul

272 2462 405 2538 debent
429 2463 513 2556 dare
536 2463 716 2562 syndicum
744 2461 800 2532 vel
828 2473 1004 2556 actorem,
1030 2464 1169 2536 sivero
1195 2464 1243 2534 sit
1270 2466 1412 2534 omnino
1439 2463 1609 2556 divisum,
1636 2463 1795 2536 canonici
1822 2489 1901 2536 cum
1927 2487 1993 2537 suo

272 2568 479 2663 praeposito
512 2565 570 2636 vel
600 2565 735 2637 decano
769 2573 922 2660 possunt
960 2587 1060 2636 suum
1095 2565 1211 2637 lacere
1242 2565 1423 2663 syndicum
1455 2577 1490 2636 et
1523 2567 1710 2661 episcopus
1745 2566 1849 2636 faciat
1879 2590 1991 2637 suum.

155 2692 158 2698 ·
273 2670 320 2741 X.
347 2671 390 2740 G.
417 2668 460 2738 de
488 2663 658 2758 indat.
684 2693 713 2739 c.
743 2689 894 2736 causam.
906 2661 940 2734 9.
956 2663 1005 2764 52)
1041 2677 1076 2738 et
1110 2666 1154 2738 de
1185 2692 1292 2738 aesca.
1310 2664 1346 2758 l,
1362 2665 1398 2738 5.
1430 2693 1460 2739 c.
1492 2663 1783 2764 edoceri.2l.⁵³)
1835 2666 1873 2739 Si
1906 2685 2044 2740 veruto

272 2771 318 2842 sit
344 2771 521 2861 negotium
549 2769 769 2858 monasterii,
807 2764 919 2836 abbas
951 2779 986 2838 et
1012 2767 1174 2841 monachi
1209 2771 1293 2840 dent
1318 2795 1336 2840 s
1363 2768 1514 2841 ndicum.
1541 2780 1581 2839 ut
1614 2770 1650 2838 in
1679 2767 1808 2840 decret.
1836 2793 1989 2842 causam.

273 2885 309 2943 et
334 2897 362 2946 c.
389 2870 557 2962 edoceri,
589 2868 650 2939 ubi
676 2868 721 2940 dc
746 2867 832 2960 boc,
866 2878 902 2939 et
927 2869 974 2940 X.
1003 2872 1045 2941 G.
1076 2869 1122 2941 de
1147 2868 1300 2969 syndl,
1346 2868 1381 2940 9.
1417 2895 1446 2942 c.
1483 2866 1610 2967 nn.⁵4)
1639 2882 1674 2942 et
1700 2871 1740 2942 C.
1757 2867 1816 2942 16.
1842 2895 1877 2969 q.
1897 2868 1933 2942 l.
1958 2895 1989 2942 c.

272 2971 445 3044 monachi.
461 2969 524 3042 55.
575 2971 784 3062 Negligcute
819 2993 902 3042 vero
937 2968 1069 3044 abbate
1100 2973 1205 3043 l'aciat
1236 2971 1304 3044 boc
1332 2974 1519 3068 episeopus
1548 2999 1628 3045 cum
1654 2997 1826 3044 consensu
1852 2973 1907 3044 sui
1932 2997 1989 3046 ca·

271 3074 395 3174 pituli,
420 3087 456 3145 et
481 3075 527 3145 ita
553 3072 761 3164 intelligitur
789 3066 855 3176 (X.
883 3059 946 3173 G.)
973 3072 1018 3146 de
1044 3074 1164 3144 iuram.
1192 3073 1256 3145 cal.
1272 3072 1309 3164 Β,
1323 3070 1358 3144 7.
1387 3101 1417 3146 ο.
1443 3075 1706 3172 imperatorum.
1724 3073 1761 3146 4.
1783 3073 1834 3170 55)

372 3173 408 3274 ἓ.
460 3176 577 3363 Finitp
612 3185 767 3246 tractatu
801 3173 939 3272 syndici
971 3185 1007 3246 et
1039 3177 1169 3247 actoris
1183 3175 1231 3273 56)
1265 3176 1465 3270 videamus,
1513 3177 1667 3275 qualiter
1706 3177 1743 3247 in
1782 3174 1910 3250 indicio
1948 3158 2022 3261 sag·
2037 3158 2076 3234 5·

297 3288 495 3350 raeseuteut
509 3278 541 3328 ⁵⁷
565 3329 574 3348 .

270 3303 295 3378 P
372 3366 549 3452 Veniente
571 3377 720 3449 termino
749 3378 986 3475 peremtorio,
1013 3377 1176 3475 partibus
1204 3381 1403 3474 assignato,
1431 3391 1633 3476 compareat
1655 3391 1868 3479 procurator
1894 3389 1989 3452 acto·

270 3483 321 3554 ris
337 3477 388 3577 ⁵⁸)
422 3481 536 3578 primo
572 3505 690 3552 coram
722 3479 838 3552 iudice
875 3479 1071 3573 ordinario,
1110 3480 1271 3574 delegato
1304 3481 1359 3554 vel
1394 3480 1648 3575 subdelegato,
1695 3493 1729 3556 et
1763 3485 1796 3555 ei
1826 3481 1989 3556 ostendat

271 3584 472 3657 mandatum
500 3584 805 3680 procuratorium,
839 3584 937 3654 etin
964 3583 1154 3654 continenti
1177 3595 1291 3655 totum
1319 3596 1477 3655 tenorem
1502 3583 1607 3656 faciat
1635 3587 1718 3680 poni
1744 3585 1779 3656 in
1805 3585 1910 3676 actis,
1943 3581 1987 3652 ad

272 3686 453 3758 cautelam.
506 3687 553 3756 Et
578 3685 695 3757 statim
722 3685 879 3755 notarius
905 3695 1016 3781 ponat
1042 3685 1077 3758 in
1104 3685 1190 3755 actis
1217 3687 1330 3781 ipsum
1362 3698 1542 3778 tenorem,
1583 3685 1829 3783 praesentibus
1860 3707 1987 3781 procu·
2005 3695 2039 3750 ³0

271 3786 470 3881 tatoribus,
506 3785 575 3858 hoc
602 3785 790 3886 modo⁵⁹):
832 3787 1072 3879 „llie,luoae,
1113 3785 1267 3880 decimo,
1305 3789 1474 3858 intrantd’
1501 3786 1573 3885 (vel
1599 3787 1806 3884 „exeunte'')
1840 3808 1988 3877 „mense

272 3889 452 3985 „Aprilis,
498 3887 693 3982 lebannes,
735 3899 947 3985 procurator
975 3889 1133 3981 magistri
1158 3889 1221 3980 R,
1264 3891 1499 3986 praesentavit
1526 3913 1709 3961 securam
1736 3890 1904 3981 magistro
1929 3888 1986 3980 G,

271 3991 467 4084 „canonico
493 3992 662 4085 Aeetine,
689 4000 777 4085 eto,
803 4015 871 4090 pro
896 4015 1017 4086 causa,
1041 4015 1147 4091 quam
1174 3989 1287 4064 dictus
1313 3993 1481 4088 magister
1508 3991 1550 4064 P.
1577 3989 1702 4064 babet”
1730 3988 1802 4089 (vel
1829 3985 1989 4084 „babere

311 4343 370 4427 48)
413 4365 492 4408 aera.
509 4377 550 4391 -
564 4340 602 4407 B.
619 4363 706 4408 „non
720 4343 832 4408 verc.”
1162 4365 1250 4411 mum
1268 4355 1420 4416 statuant

311 4445 371 4528 49)
415 4441 851 4530 ct.l'mer.l.t.§1.inf.
1247 4447 1287 4512 H.
1306 4449 1338 4515 d.
1353 4457 1427 4514 test.
1444 4449 1578 4512 Durani.
1592 4470 1639 4530 ap.
1661 4446 1717 4514 lib.
1735 4447 1764 4513 l.
1786 4469 1818 4534 p.
1833 4445 1864 4512 3.
1882 4445 1926 4512 til.
1942 4447 1985 4514 de

311 4545 370 4630 50)
412 4546 453 4611 Β.
475 4547 576 4610 inser.
606 4543 819 4612 »Communia
842 4543 950 4614 forma
971 4551 1093 4616 consti·
1161 4559 1328 4632 procurat.
1344 4547 1374 4636 §.
1389 4550 1421 4615 4.
1436 4570 1523 4614 num.
1541 4548 1588 4614 15.
1602 4547 1673 4614 inl.

270 4647 403 4717 stueudi
417 4647 697 4732 procuratorem.”
1203 4649 1262 4732 56)
1305 4657 1428 4714 octona
1443 4687 1485 4699 -·
1502 4649 1538 4714 Β.
1555 4649 1718 4717 „actore”

311 4749 370 4832 51)
413 4752 456 4813 Ν.
470 4747 521 4814 ab.
538 4769 559 4814 a
573 4749 613 4815 Β.
1204 4749 1263 4835 57)
1305 4750 1343 4817 Β.
1352 4753 1453 4816 inser.
1470 4750 1640 4828 „Qualiter
1654 4751 1774 4817 debeat
1788 4769 1985 4838 comparere
2001 4781 2017 4829 5

309 4849 369 4935 52)
413 4847 518 4916 Clam
530 4849 559 4915 3.
583 4847 634 4916 Cf.
653 4850 758 4922 Glaaa.
773 4850 808 4916 in
820 4870 854 4920 v.
867 4869 1011 4918 assensu
1026 4851 1095 4938 epi·
1164 4853 1466 4936 „procuratorem”

267 4955 374 5036 smpt.
1205 4951 1264 5036 58)
1306 4962 1428 5020 octona.
1443 4991 1485 5004 -
1499 4953 1539 5020 B.
1554 4956 1695 5020 auctore

310 5053 372 5132 53)
416 5049 680 5120 censatum
698 5057 809 5121 Tener.
822 5063 907 5141 part.
923 5055 952 5122 l.
967 5057 1012 5122 aia.
1028 5057 1057 5121 7.
1204 5053 1262 5138 59)
1305 5055 1344 5120 Β.
1365 5057 1467 5122 lnscr.
1490 5056 1764 5124 „lustramentum
1786 5059 1828 5126 de
1850 5075 1986 5144 reprae-

309 5153 370 5239 54)
415 5155 555 5240 Gregor.
569 5153 616 5220 Μ.
1162 5157 1368 5225 „sentations
1384 5159 1644 5242 procuratoris.”

305 5255 365 5342 55)
409 5255 537 5344 Eugen.
551 5256 583 5323 3.
621 5253 673 5325 cf.
691 5257 797 5325 θὼν.
825 5258 859 5326 iu
886 5277 918 5325 v.
949 5275 1092 5324 oecono·
1475 5235 1484 5262 '
2002 5283 2036 5336 ιο
