4800 5954
834 544 897 612 Tit.
913 543 964 614 15.
994 543 1048 612 De
1061 544 1324 638 allegationibus.
1353 543 1383 633 §.
1400 545 1432 614 3.
1931 545 2011 616 253.Ι

268 741 316 813 Et
340 738 475 830 omnia,
503 762 594 836 quae
619 683 753 808 iaciunt
777 734 822 806 ad
849 735 906 830 id,
942 736 1039 835 qnod
1069 733 1221 834 probare
1247 737 1417 829 intendit,
1450 735 1594 810 induent
1619 748 1656 810 et
1679 736 1822 808 insimul
1848 739 1991 810 eonion·

269 857 331 936 gat
356 853 392 914 et
418 841 525 934 liget,
563 841 728 939 qnoniam
754 839 814 936 qni
841 838 988 932 allegat,
1024 839 1146 932 alligat
1162 837 1232 934 2²),
1268 851 1307 911 ut
1327 836 1491 911 omnibus
1514 839 1620 910 simul
1643 841 1839 912 coniunctis
1862 850 1898 913 et
1921 838 1992 912 sibi

268 946 417 1018 invicem
445 940 721 1036 suffragantibus
750 936 923 1038 probetur
950 942 1092 1033 lortius,
1117 940 1214 1038 qnod
1240 942 1400 1032 intendit,
1427 966 1508 1014 nam
1534 940 1711 1013 funiculus
1737 942 1870 1039 triplex
1898 942 1990 1014 dilli-

133 1039 138 1044 ’
270 1047 335 1119 eile
363 1046 558 1142 rumpitur,
585 1054 623 1116 nt
650 1045 698 1116 X.
708 1040 742 1113 1.
770 1043 814 1114 de
840 1052 965 1136 treuga
992 1053 1027 1115 et
1052 1067 1147 1139 paee.
1158 1039 1193 1134 1,
1207 1039 1270 1113 td.
1288 1040 1437 1135 e.l.²³),
1462 1055 1498 1114 et
1523 1069 1613 1142 quae
1639 1068 1712 1116 non
1740 1055 1892 1142 prosunt
1918 1045 1990 1116 sin·

270 1148 373 1244 gula,
415 1147 525 1218 multa
540 1137 592 1248 ²⁴)
621 1146 754 1216 iuvant.
782 1154 822 1216 nt
849 1145 930 1239 ltig.
953 1143 1052 1243 quib.
1079 1171 1122 1216 ex
1148 1167 1242 1214 enus.
1269 1147 1427 1216 maiores.
1443 1143 1483 1237 1,
1500 1146 1535 1218 6.
1566 1146 1590 1216 l.
1620 1171 1685 1220 neo
1711 1143 1871 1218 001028.
1898 1144 1933 1245 S.
1960 1147 2023 1218 sit

270 1251 349 1349 quis
377 1252 525 1346 saepius.
539 1246 577 1320 5.
596 1247 645 1346 ²⁵)
697 1245 859 1318 Fundata
892 1272 977 1319 vero
1011 1247 1203 1318 intentione
1237 1271 1301 1316 sna
1339 1273 1403 1344 per
1435 1244 1663 1343 probationes
1697 1249 1799 1341 laeti,
1841 1261 1927 1322 tuno
1945 1247 1992 1322 ad

267 1354 355 1424 iuris
382 1350 627 1449 probationem
653 1347 864 1440 descendat,
899 1348 1084 1446 allegando
1114 1348 1212 1438 leges
1246 1357 1282 1419 et
1315 1373 1488 1442 canones,
1526 1362 1732 1442 argumenta
1757 1363 1792 1422 et
1818 1352 1990 1441 rationes,

270 1479 361 1553 qnae
392 1453 435 1524 ad
468 1478 567 1524 snam
597 1451 730 1524 laeinnt
760 1450 999 1523 intentionem.
1034 1477 1109 1544 arg.
1136 1450 1176 1521 G.
1199 1445 1257 1521 11.
1286 1476 1322 1548 q.
1343 1449 1380 1522 5.
1416 1477 1444 1524 e.
1481 1477 1715 1548 summopere.
1738 1449 1864 1544 70.2⁶)
1890 1449 1990 1524 Η.

269 1557 313 1629 de
347 1554 472 1628 eccles.
508 1554 710 1627 aedificand.
727 1550 766 1645 5,
781 1547 843 1622 26.
877 1578 906 1625 0.
942 1552 1189 1626 intelleximus.
1204 1549 1241 1622 5.
1256 1551 1317 1648 27).
1369 1554 1416 1624 Et
1449 1553 1479 1624 si
1511 1552 1631 1650 plnres
1666 1565 1747 1626 sunt
1779 1553 1918 1627 articuli
1954 1563 1991 1626 et

269 1659 479 1757 petitiones,
510 1658 559 1728 ita
586 1657 690 1728 saciat
715 1679 822 1750 snper
851 1652 1032 1752 quolibet,
1069 1652 1281 1728 eoneludens
1296 1655 1343 1744 ²⁸)
1377 1654 1620 1748 allegationem
1646 1681 1764 1748 snam,
1805 1655 1900 1754 quod
1923 1681 1989 1754 per
2007 1675 2040 1728 ιο

267 1787 327 1937 pa,
351 1783 441 1858 qnae
470 1759 653 1853 allegavit,
682 1769 718 1830 et
746 1756 837 1928 alia,
864 1782 953 1876 qnae
978 1784 1045 1930 pro
1072 1768 1192 1829 autore
1216 1755 1371 1850 iaciunt,
1397 1755 1503 1830 index
1528 1754 1598 1828 sibi
1624 1782 1723 1829 reum
1750 1756 1884 1830 debeat
1907 1783 1989 1831 eon·
2017 1757 2021 1776 “

293 1886 433 1934 emnare
458 1873 494 1933 et
549 1887 589 1932 ro
615 1871 735 1934 actore
758 1870 964 1930 senentiam
1008 1885 1096 1931 erre.

369 1965 473 2035 Tune
498 1888 710 2060 rdspondeat
737 1959 930 2032 advocatus
960 1963 1011 2032 rei
1043 1960 1294 2059 perordinem
1325 1959 1370 2032 nd
1404 1961 1539 2054 omnia,
1584 1988 1676 2060 qnae
1701 1973 1802 2035 actor
1829 1959 1989 2033 introdu-

266 2064 320 2138 xit
351 2089 419 2163 pro
451 2089 509 2158 se,
554 2064 768 2136 destruendo
795 2061 889 2134 dieta
914 2064 1079 2155 testium,
1120 2062 1251 2162 quibus
1283 2075 1383 2136 actor
1416 2087 1514 2134 suam
1549 2062 1712 2136 fundavit
1746 2066 1989 2156 intentionem,

267 2167 481 2260 assignando
509 2167 790 2238 contrarietatem
816 2163 873 2236 vel
898 2168 1102 2238 varietatem
1128 2167 1166 2234 in
1190 2165 1293 2238 dietis
1320 2190 1464 2257 eorum,
1492 2165 1521 2235 si
1547 2176 1681 2261 potest,
1709 2165 1766 2237 vel
1793 2165 1888 2264 quod
1916 2191 1989 2237 noo
2007 2185 2040 2235 15

266 2268 421 2341 reddunt
456 2269 625 2340 rationem
658 2269 713 2340 sni
746 2266 955 2360 testimonii,
994 2267 1051 2340 vel
1083 2265 1181 2365 quod
1214 2294 1287 2338 non
1320 2267 1539 2364 respondent
1572 2266 1617 2337 ad
1649 2269 1887 2360 interrogata,
1932 2265 1992 2339 vel

268 2369 363 2467 qnod
389 2384 470 2442 sunt
494 2371 663 2463 infames,
706 2369 760 2442 vel
786 2367 892 2460 tales,
936 2369 1033 2467 quod
1066 2394 1138 2441 non
1169 2369 1215 2440 sit
1240 2369 1327 2441 lides
1357 2367 1555 2440 adhibenda
1580 2368 1685 2442 dietis
1713 2393 1856 2460 eorum,
1899 2369 1991 2441 sient

266 2497 376 2568 snpra
402 2476 601 2545 notavimus
630 2473 668 2542 in
693 2481 846 2544 tractatu
871 2473 1012 2544 testium
1024 2471 1093 2568 ²⁹),
1126 2471 1184 2544 vel
1209 2470 1454 2565 redarguendo
1479 2495 1540 2542 eos
1570 2470 1614 2543 de
1640 2469 1753 2564 lalso,
1787 2481 1827 2542 nt
1854 2468 1990 2542 dicetur

266 2575 358 2646 inira
392 2576 428 2644 in
460 2575 564 2646 titolo
598 2573 743 2672 speciali
764 2571 824 2671 ³⁰).
901 2573 1048 2644 Student
1074 2574 1198 2668 etiam,
1241 2575 1272 2645 si
1308 2583 1445 2670 potest,
1485 2572 1555 2645 alio
1588 2574 1693 2646 ruodo
1728 2574 1858 2646 laetum
1893 2595 1990 2642 asse·

266 2701 400 2748 verare.
451 2678 500 2748 Et
532 2674 790 2752 eodemmodo
823 2675 1038 2771 respondere
1077 2675 1219 2748 studeat
1251 2674 1493 2747 instrumentis
1527 2686 1563 2747 et
1596 2671 1918 2774 praesumtionibus
1953 2682 1989 2745 et
2005 2691 2040 2745 2⁰

267 2776 431 2850 omnibus
458 2777 666 2870 rationibus,
693 2777 739 2849 ab
766 2789 887 2849 actore
909 2779 1131 2850 introductis.
1171 2777 1308 2850 Deinde
1337 2778 1381 2849 ad
1407 2779 1495 2870 iura,
1523 2802 1589 2872 pro
1617 2789 1718 2875 parte
1744 2777 1876 2850 actoris
1902 2773 1989 2846 alle·
2087 2788 2092 2800 '

267 2891 360 2973 gata,
384 2880 546 2952 similiter
559 2879 792 2978 respondeat,
820 2878 1069 2974 distinguendo
1083 2879 1342 2978 etexponendo
1369 2877 1451 2973 illa,
1479 2891 1516 2952 et
1542 2878 1609 2951 alin
1635 2881 1712 2951 iura
1737 2878 1916 2951 contrarie
1938 2876 1990 2948 al·

266 2981 301 3053 le
325 2981 429 3052 ando.

302 3005 325 3075 g
369 3085 416 3155 Et
446 3080 532 3155 baec
565 3080 739 3177 allegandi
770 3091 806 3154 et
838 3082 1078 3180 respondendi
1105 3083 1219 3156 sormn
1246 3108 1413 3182 expresse
1440 3080 1615 3181 probatur
1640 3082 1686 3153 X.
1703 3079 1740 3154 5.
1769 3081 1813 3154 de
1840 3105 1989 3154 eonsue-

266 3184 342 3256 tnd.
362 3181 397 3276 l,
420 3182 458 3255 5.
488 3211 517 3257 0.
546 3210 625 3255 cum
650 3187 744 3256 inter
769 3209 844 3256 vos.
862 3181 898 3256 1.
929 3212 959 3258 0.
986 3212 1066 3256 enm
1091 3186 1251 3258 dilectus.
1267 3183 1302 3257 7.
1329 3182 1496 3256 X.5.·de
1522 3183 1623 3256 elect.
1639 3182 1674 3276 1,
1692 3181 1729 3254 6.
1759 3209 1789 3255 0.
1816 3209 1896 3255 enm
1922 3209 1987 3253 no·
2005 3199 2039 3252 25

265 3286 339 3460 2bis1
343 3285 446 3461 plim.
457 3283 566 3491 ἒξ)
594 3287 640 3356 X.
653 3284 690 3358 5.
717 3286 761 3358 de
788 3283 988 3383 0105002,
1010 3283 1067 3358 11.
1090 3313 1120 3360 0.
1146 3288 1229 3361 lieet
1251 3313 1403 3360 cansam.
1419 3287 1513 3380 4³2)
1545 3288 1593 3357 X.
1606 3281 1643 3358 5.
1670 3285 1714 3358 de
1739 3284 1799 3358 lid
1825 3287 1988 3356 instrum.

290 3439 303 3482 ,
371 3413 437 3462 .e.
481 3440 491 3456 .

306 3642 365 3725 22)
408 3641 449 3706 H.
471 3642 503 3707 d.
526 3651 559 3706 et
577 3639 601 3705 l.
623 3649 697 3705 test.
713 3643 847 3706 Duram.
861 3641 983 3724 epil.
1001 3653 1032 3708 et
1047 3642 1092 3709 ibi
1158 3647 1266 3708 tertre.
1289 3642 1389 3722 (0.5.
1413 3641 1445 3708 8.
1474 3641 1515 3707 Χ.
1537 3639 1577 3706 G.
1600 3661 1629 3708 e.
1652 3651 1673 3706 0
1696 3638 1770 3725 1,4.
1805 3639 1916 3704 lnnoe.
1941 3635 1988 3714 3.)

265 3745 310 3806 10.
325 3743 427 3806 Andr.
441 3742 475 3806 in
487 3763 519 3806 v.
535 3742 673 3808 secund.
690 3741 730 3806 Τ.
1158 3748 1198 3808 Χ.
1219 3751 1258 3806 de
1282 3749 1365 3810 elect.
1389 3769 1414 3808 a.
1438 3765 1508 3808 eam
1521 3748 1588 3806 nod.
1605 3746 1644 3805 ol.
1670 3746 1721 3822 (c.
1739 3740 1788 3806 19.
1803 3741 1845 3805 Χ.
1862 3739 1901 3804 G.
1922 3757 1952 3803 e.
1966 3749 1988 3803 t.

306 3841 365 3927 23)
408 3864 439 3908 0.
452 3854 597 3928 treugas.
615 3844 644 3910 l.
661 3841 710 3930 (§.
725 3843 775 3924 2.)
791 3843 834 3910 Χ.
850 3843 892 3909 G.
907 3865 936 3912 e.
951 3855 972 3910 t
996 3851 1022 3926 t,
1037 3846 1089 3914 34.
1161 3847 1191 3926 1,
1207 3844 1239 3911 5.
1260 3847 1370 3912 lnnoe.
1384 3846 1432 3928 3.)
1445 3881 1486 3895 -
1501 3842 1545 3910 cf.
1560 3863 1619 3910 eas
1634 3842 1704 3908 hor.
1720 3863 1748 3908 0.
1763 3851 1888 3928 portes,
1904 3858 1988 3926 quas

264 3941 428 4010 Alexand.
442 3942 473 4008 3.
1158 3945 1276 4034 Raym.
1292 3969 1357 4014 om.
1374 3983 1413 3996 -
1428 3945 1511 4013 Abs.
1526 3967 1549 4010 a
1562 3944 1616 4010 Rs.
1628 3945 1655 4008 l.
1670 3949 1719 4021 2.;
1736 3979 1775 3990 -
1792 3943 1854 4008 sed
1870 3944 1903 4005 in
1918 3944 1987 4003 Do·

307 4043 365 4128 24)
407 4043 685 4130 55511013.-
700 4046 754 4113 Al.
771 4051 907 4118 „nexa”
921 4049 958 4114 L.
973 4049 1005 4114 2.
1158 4058 1238 4112 rant.
1253 4071 1299 4130 ep.
1315 4049 1336 4114 Ι.
1351 4049 1371 4114 1.
1388 4047 1419 4136 §.
1435 4050 1465 4114 4.
1481 4067 1571 4112 num.
1588 4047 1618 4110 4.
1634 4044 1787 4129 leguntur
1801 4063 1832 4108 0.
1848 4042 2016 4108 numdi-⁵

306 4143 368 4221 25)
410 4149 481 4226 Diq.
508 4151 588 4228 qaid.
616 4169 659 4210 ee
688 4170 712 4211 e.
728 4157 798 4213 mai.
827 4155 848 4215 Ι.
880 4173 937 4214 nee
958 4171 1029 4213 non.
1051 4152 1089 4232 ,5.
1157 4147 1282 4228 lectus.
1291 4162 1325 4215 et
1339 4171 1367 4216 0.
1383 4171 1458 4214 eum
1474 4147 1551 4212 nob.
1565 4145 1630 4224 ol.;
1645 4154 1848 4210 om.tautnm
1864 4165 1895 4212 0.
1911 4164 1987 4210 eum

263 4251 294 4309 aa·
306 4252 376 4329 perir
389 4269 470 4328 saep.
489 4245 540 4313 Rf.
558 4248 586 4314 l.
601 4251 632 4313 2.
648 4268 731 4328 orn-3
750 4251 812 4316 sed
827 4261 948 4316 servat.
965 4251 998 4316 in
1014 4256 1088 4316 Dn-
1157 4252 1213 4316 int.
1230 4273 1315 4330 vos,
1331 4251 1533 4336 quodetiam
1549 4248 1602 4312 ab.
1620 4246 1733 4313 ale.
1757 4249 1831 4314 aod.
1846 4247 1884 4312 Ε.

263 4357 341 4411 rant
357 4370 405 4430 sp.
419 4346 438 4412 l
453 4345 476 4411 l.
489 4368 578 4414 num.
591 4349 623 4414 4.
1198 4352 1257 4435 32)
1301 4354 1341 4414 X.
1365 4355 1403 4413 de
1422 4355 1541 4432 probat.
1564 4373 1588 4412 0.
1605 4353 1675 4412 licet
1689 4371 1826 4414 eausam.
1860 4343 1934 4418 (Rs.
1959 4345 1988 4411 1.

305 4448 364 4531 26)
405 4449 498 4514 verb.
514 4450 625 4516 divina
639 4462 672 4518 et
685 4451 830 4518 bumana
843 4452 898 4518 lex
914 4463 975 4519 ete.
1156 4454 1234 4517 add.
1271 4452 1347 4516 „nbi
1381 4450 1503 4518 multae
1540 4449 1757 4534 allegationes
1797 4447 1987 4528 recitantur,

304 4550 364 4634 27)
407 4571 436 4615 0.
454 4552 482 4615 l.
513 4549 556 4616 X.
580 4550 621 4617 G.
646 4554 688 4619 de
707 4575 786 4622 nov.
807 4575 859 4640 op.
882 4565 971 4620 nunt.
987 4555 1019 4636 5,
1034 4554 1085 4622 32.
1156 4573 1263 4640 „qnae
1292 4553 1416 4618 fiebant
1443 4554 1529 4618 inter
1551 4551 1750 4638 capitulum'
1780 4587 1820 4598 ——
1848 4549 1983 4635 legend.
2005 4564 2036 4616 10

262 4651 355 4720 Lnei.
369 4649 399 4718 3.
421 4643 463 4700 ἒ-
483 4650 537 4717 Rs.
551 4651 583 4718 2.
601 4651 665 4720 boc
679 4675 707 4722 e.
724 4677 806 4734 om.;
835 4657 897 4724 sed
916 4668 1037 4723 servat
1046 4660 1088 4741 jn
1156 4655 1371 4722 „commune”
1401 4691 1443 4702 -
1472 4655 1708 4722 „Ferentinum
1738 4661 1771 4718 et
1792 4651 1986 4737 episcopum

262 4757 397 4820 Harant.
413 4776 460 4835 sp.
475 4752 497 4819 l.
512 4755 533 4820 1.
548 4776 637 4822 num.
651 4754 683 4820 5.
1154 4757 1418 4834 „Ravennatem
1447 4767 1481 4822 et
1495 4758 1658 4844 quaedam
1684 4756 1921 4839 approbantur,
1951 4762 1984 4816 et

303 4854 364 4935 28)
406 4860 601 4922 condamm.
616 4854 716 4944 Vulg.
731 4891 772 4906 ·-
786 4856 838 4923 At
854 4858 1086 4928 „excludens”
1155 4861 1339 4945 „quaedam
1358 4860 1626 4942 reprobantur.¹’)
1650 4875 1680 4922 e.
1697 4855 1729 4921 9.
1754 4855 1841 4922 X.G
1871 4875 1901 4918 e.
1915 4865 1936 4916 0
1951 4859 1985 4930 2,

259 4956 299 5021 Β.
313 4957 370 5024 Bs.
388 4955 464 5022 Hal.
478 4956 517 5023 L.
534 4957 565 5024 3.
579 4958 630 5024 Bi.
1156 4959 1207 5024 19.
1221 4960 1334 5028 lunoe.
1349 4959 1382 5026 3.
1409 4961 1471 5027 Ab.
1487 4959 1688 5046 aplerisqne
1703 4956 1802 5026 codd.
1818 4953 1870 5022 Rf.
1884 4955 1915 5020 2.
1930 4953 1981 5020 Bi.

301 5057 361 5143 29)
404 5057 437 5124 h.
451 5069 536 5144 port.
551 5061 596 5126 50
611 5061 642 5129 6.
657 5064 702 5128 50
717 5060 747 5127 9.
764 5058 795 5148 §.
809 5065 839 5126 2.
855 5060 902 5126 50
917 5063 966 5128 11.
981 5063 1085 5130 5012.
1153 5061 1232 5129 F.l.
1248 5062 1280 5128 2.
1298 5062 1394 5128 Ham.
1410 5061 1456 5128 Μ.
1471 5063 1500 5127 1.
1515 5060 1603 5126 etab
1618 5059 1680 5124 Ed.
1695 5061 1728 5124 2.
1744 5059 1775 5124 4.
1997 5073 2026 5120 ts

300 5158 360 5244 30)
402 5171 486 5247 port.
500 5163 531 5226 4.
546 5163 591 5228 tit.
606 5169 637 5232 3.
653 5161 684 5250 §.
698 5163 729 5230 3.
1195 5162 1253 5247 33)
1297 5185 1326 5229 c.
1357 5166 1441 5228 inter
1475 5161 1623 5227 dilectos
1674 5161 1753 5240 (lta'
1773 5169 1864 5226 reete
1905 5157 1985 5225 B.B.

301 5259 361 5344 31)
405 5267 445 5328 X.
462 5269 595 5328 decane.
618 5289 642 5328 e.
665 5287 735 5330 carn
756 5273 809 5330 int.
825 5289 889 5332 voa.
904 5289 929 5332 e.
945 5287 1015 5328 curn
1030 5269 1083 5328 dr·-
1153 5266 1250 5334 codd.
1264 5264 1306 5332 A.
1325 5264 1364 5332 E.
1380 5263 1736 5350 flat-Negligenter
1748 5261 1788 5330 L.
1813 5267 1845 5332 3.
1861 5263 1984 5340 »0.1.”)
