4810 5962
282 589 435 678 (Summa
448 543 603 675 relidunt.
620 588 720 654 totins
734 583 809 651 libri
823 595 906 670 pert.
917 577 952 672 '§.
958 583 989 650 9.
1018 583 1071 650 De
1086 585 1253 671 interrog,
1269 605 1354 672 qnae
1369 585 1451 652 fimo
1465 596 1540 652 ante
1555 585 1644 652 litem
1659 597 1798 652 contest.
1817 585 1924 673 §.10.)
1972 587 2012 654 19

230 795 233 800 ’
283 779 412 882 quibus
433 805 511 851 cum
537 777 643 850 luerit
669 777 934 872 renunciatum,
966 775 1119 849 dictatur
1146 777 1317 848 sententia
1341 775 1547 869 diffinitiva,
1574 776 1630 849 rel
1656 777 1874 877 quandoque
1900 776 2010 850 diota·

282 882 375 956 bitur
402 880 680 972 interlocutoria,
704 889 792 977 puta
819 878 864 951 de
889 877 1004 950 danda
1029 879 1259 975 possessione
1285 881 1397 950 sotori
1426 903 1532 951 eausa
1556 881 1748 952 servandae
1773 881 1836 971 rei,
1863 892 2011 978 propter

282 984 534 1058 contumaciam
561 983 726 1072 fugientis
749 981 808 1052 vel
830 1005 903 1053 non
929 979 1202 1078 respondentis,
1234 979 1292 1052 vel
1316 979 1410 1052 forte
1436 978 1630 1052 dictabitur
1651 981 1720 1052 ulio
1749 981 1855 1054 modo
1881 982 2010 1054 dillini·

282 1090 374 1178 tiva,
407 1086 442 1156 id
469 1094 524 1157 est
549 1083 721 1176 legitima,
757 1094 844 1180 pnta
870 1084 970 1180 quod
997 1080 1312 1156 absolvetnrreus
1339 1080 1385 1152 ab
1408 1081 1657 1156 observatione
1684 1084 1823 1176 iudicii,
1850 1096 1885 1156 et
1911 1095 2012 1156 actor

281 1189 459 1278 similiter,
496 1185 640 1283 quando
667 1211 740 1258 non
767 1185 881 1282 liquet
913 1185 1020 1258 iudici
1044 1185 1089 1256 de
1114 1209 1227 1257 eausa.
1278 1185 1332 1256 lle
1364 1183 1493 1282 quibus
1527 1184 1687 1256 omnibus
1719 1185 1853 1284 aliquid
1879 1186 1914 1256 in
1941 1185 2044 1259 loco

284 1290 459 1388 opusculo
488 1313 553 1385 per
579 1287 738 1384 singula,
772 1286 927 1360 donante
952 1287 1124 1380 llomino,
1169 1287 1214 1359 ad
1248 1285 1443 1384 pleniorem
1475 1287 1631 1358 iudicum
1663 1313 1735 1359 seu.
1760 1287 2011 1362 advocatorum

282 1393 548 1464 instructionem
571 1389 736 1462 dommus
762 1389 1004 1482 inserendum,
1046 1414 1118 1461 non
1147 1389 1280 1461 omisso
1317 1388 1412 1459 sorte
1438 1399 1591 1460 tractatu
1619 1388 1864 1485 appellationis
1887 1403 2014 1487 utpote

282 1494 468 1566 utilissimo
489 1491 532 1589 ⁶).
585 1491 656 1563 Sed
682 1517 756 1563 non
780 1492 939 1584 mireris,
963 1492 1099 1584 lector,
1131 1491 1229 1589 qnod
1253 1490 1301 1562 de
1325 1513 1511 1562 causarum
1537 1492 1780 1562 commissione
1812 1503 1847 1562 ct
1872 1490 2013 1586 delega-

282 1596 375 1667 tione
403 1593 461 1666 bic
485 1593 572 1664 nihil
600 1594 787 1685 inseritur,
815 1619 894 1666 eum
922 1619 1026 1692 saepe
1053 1593 1193 1668 soleant
1221 1619 1241 1665 a
1266 1591 1442 1664 iudicibus
1468 1593 1565 1684 lieri,
1601 1603 1790 1691 numquam
1815 1594 2012 1688 interroga·

283 1695 437 1769 tionibus
466 1703 588 1768 utatur
606 1695 636 1793 ⁷)
665 1695 721 1768 vel
745 1695 790 1766 lis
817 1707 1054 1792 contestetur3
1079 1697 1244 1794 qnoniam
1271 1693 1315 1766 de
1342 1693 1408 1788 lris,
1434 1705 1474 1767 ut
1491 1695 1678 1788 oredimus,
1705 1695 2063 1794 satiseompeten·1o

282 1809 336 1872 ter
352 1797 385 1898 ⁸)
414 1798 556 1869 inferius
584 1800 718 1895 poteris
744 1798 900 1870 invenire
926 1808 1116 1870 tractatum
1136 1797 1180 1894 ⁰).
1761 1799 1763 1804 ’

383 1898 418 1999 g.
439 1897 469 1998 ¹)
522 1901 685 1998 lnprimis
715 1900 823 1992 igitur
849 1903 910 1997 qui
936 1901 1101 1998 petitorio
1127 1898 1254 1971 iudicio
1280 1900 1411 1993 utitur,
1452 1898 1488 1970 id
1515 1911 1571 1970 est
1595 1899 1645 1971 uti
1670 1897 1749 1970 vult
1766 1895 1820 1996 ²),
1861 1925 1906 1972 ne
1932 1901 2112 2004 scu-§.lib

282 2014 357 2074 stra
382 2002 604 2098 experiatur,
644 2027 814 2100 quaerere
837 2000 964 2094 debet,
1008 2028 1053 2072 an
1085 2027 1169 2074 reus
1194 2000 1395 2098 possideat,
1430 2000 1485 2074 vel
1514 2001 1600 2074 dolo
1626 2000 1729 2073 desiit
1754 2001 1948 2097 possidere.
1972 2017 2012 2077 nt

267 2105 361 2198 pig.
388 2103 433 2176 de
458 2105 509 2176 rei
536 2102 684 2197 vindss,
712 2101 747 2175 1.
773 2105 797 2176 1.
821 2106 885 2202 qui
910 2105 1088 2202 petitorio.
1103 2101 1167 2176 56.
1220 2104 1265 2174 Et
1290 2101 1560 2200 compellendus
1586 2114 1642 2175 est
1670 2127 1753 2174 reus
1780 2103 2010 2200 respondere,

283 2217 401 2278 utrumn
428 2205 610 2303 possideat
637 2218 673 2278 et
700 2231 766 2302 pro
795 2230 866 2303 qua
891 2217 1012 2304 parte,
1058 2204 1116 2277 vel
1140 2201 1226 2277 dolo
1251 2204 1355 2276 desiit
1384 2203 1576 2302 possidere.
1603 2213 1644 2275 ut
1666 2204 1747 2295 Ing.
1771 2204 1817 2276 de
1842 2208 2011 2300 interrog.
2029 2230 2061 2280 ta

282 2320 350 2381 aot
366 2304 428 2401 ll,
456 2305 490 2379 1.
518 2308 549 2398 l,
570 2309 632 2405 qni
657 2333 810 2381 serrum.
826 2304 890 2380 16.
915 2307 951 2407 §-
977 2309 1040 2380 ult.
1053 2304 1088 2378 1.
1113 2303 1149 2378 1.
1200 2309 1452 2380 Verumtamen
1477 2331 1550 2378 non
1575 2305 1801 2403 compellitur
1826 2305 1944 2380 dicere
1967 2310 2011 2380 ti·

282 2409 396 2483 tulum
421 2435 508 2482 suae
532 2411 794 2506 possessionis,
832 2411 892 2482 vel
917 2426 1034 2482 utrum
1061 2435 1118 2482 res
1144 2410 1193 2482 ait
1219 2410 1350 2506 ipsius,
1388 2420 1428 2480 nt
1453 2408 1541 2480 Cod.
1575 2409 1620 2480 de
1652 2418 1722 2504 pet
1751 2405 1922 2501 heredis,
1946 2407 2010 2482 51.

283 2513 307 2584 l.
334 2513 424 2604 engi.
443 2508 501 2584 ll.
520 2512 551 2609 ³)
586 2523 621 2584 et
648 2511 727 2605 big.
759 2512 804 2584 de
836 2514 886 2584 rei
920 2509 1069 2604 vindti,
1097 2509 1131 2584 l.
1159 2511 1184 2583 l.
1216 2512 1253 2583 in
1286 2510 1442 2608 speciali.
1458 2506 1520 2581 73.
1536 2508 1570 2608 ⁴)
1609 2507 1679 2582 boc
1716 2510 1806 2582 enim
1846 2513 2011 2607 petitoris

283 2638 409 2685 munus
433 2623 507 2707 est,
544 2615 644 2686 utin
671 2613 791 2686 eadem
819 2613 1127 2709 1630611161-
1168 2614 1257 2686 Item
1274 2613 1307 2712 ⁵)
1333 2613 1508 2708 inspicere
1534 2610 1641 2685 debet
1666 2623 1786 2702 actor,
1821 2636 1867 2683 aa
1892 2612 2011 2711 aliqum

282 2714 472 2788 interdicto
499 2716 615 2788 valeat
641 2715 904 2812 possessionem
932 2717 1108 2806 nancisei,
1143 2718 1307 2813 quoniam
1334 2713 1554 2786 commodius
1584 2725 1638 2786 est
1663 2712 1862 2811 possidere,
1902 2741 2009 2812 quam
2027 2739 2062 2791 eo

283 2843 357 2891 rem
380 2828 502 2915 petere
526 2828 563 2889 et
588 2818 776 2890 vindicare.
801 2829 840 2889 ut
861 2820 939 2913 big.
966 2818 1010 2891 de
1038 2819 1089 2890 rei
1116 2815 1255 2911 vindli,
1282 2813 1316 2888 1.
1344 2816 1368 2887 1.
1395 2817 1425 2887 is
1452 2814 1592 2914 (16111.
1620 2855 1672 2871 -
1723 2816 1827 2902 Etsi
1856 2841 2007 2890 00an

284 2931 342 2991 tus
379 2921 415 2991 in
448 2945 523 2992 rem
555 2923 693 2993 actione
724 2919 853 2992 dixerit
886 2945 924 2992 se
954 2946 1027 2994 uon
1060 2920 1264 3017 possidere,
1306 2917 1545 2991 absolvendus
1580 2919 1665 3010 erit,
1691 2915 1760 2988 boe
1786 2917 1878 2988 enin
1902 2918 2010 2992 modo

285 3021 459 3094 actionem
497 3034 622 3094 eontra
658 3047 696 3094 se
730 3019 885 3094 evitabit.
921 3033 963 3095 nt
991 3023 1072 3114 big.
1102 3021 1147 3093 de
1178 3024 1229 3094 rei
1262 3017 1423 3111 vinno,
1451 3016 1535 3091 1.1.
1568 3021 1604 3092 in
1635 3044 1715 3092 rem·
1744 3020 1926 3092 actionem.
1947 3017 2010 3092 80.

285 3121 356 3198 Sed
383 3124 497 3196 actori
523 3122 691 3221 probanti
717 3122 952 3196 adversarium
984 3124 1166 3221 possidere
1192 3121 1338 3194 dabitur
1363 3122 1436 3194 eius
1472 3122 1521 3192 rei
1547 3122 1728 3219 possessio
1755 3146 1822 3218 per
1847 3122 2010 3216 indicem,

285 3235 327 3296 ut
355 3222 508 3297 babetur
545 3227 580 3296 in
614 3224 734 3296 eadem
768 3224 792 3296 l.
824 3227 860 3296 in
894 3251 977 3297 rem.
1017 3238 1053 3297 et
1086 3249 1160 3318 arg.
1194 3226 1231 3296 in
1256 3222 1365 3296 Autb.
1396 3223 1442 3295 de
1472 3224 1591 3294 trient.
1621 3235 1657 3295 et
1688 3225 1824 3296 semiss.
1852 3221 1887 3321 ς.
1919 3223 2007 3295 illud
2027 3244 2060 3296 25

285 3352 430 3425 queque
456 3329 492 3398 in
519 3325 653 3398 iudiciis
674 3325 718 3426 ⁶).
744 3323 922 3426 (Noulss.
949 3324 1064 3425 clo.)
1125 3326 1196 3398 Sed
1229 3350 1275 3396 an
1308 3325 1399 3397 idem
1436 3326 1502 3397 erit
1535 3327 1571 3396 in
1605 3351 1667 3417 eo,
1712 3325 1773 3422 qui
1798 3324 1883 3397 dolo
1909 3324 2011 3398 desiit

285 3427 489 3526 possidere,
527 3430 661 3500 seilicet
686 3441 744 3522 ut,
777 3429 807 3500 si
837 3428 945 3502 luerit
972 3428 1039 3500 boo
1065 3427 1255 3526 probatum
1280 3425 1326 3498 ab
1349 3427 1570 3519 adversario,
1612 3424 1866 3498 condemnetur
1888 3427 1932 3498 ad
1958 3428 2009 3500 in·

284 3544 418 3603 teresse
445 3529 502 3604 vel
530 3529 574 3601 ad
603 3531 880 3603 aestimationem
908 3530 982 3604 reil
1033 3531 1161 3632 Resp,
1188 3528 1347 3624 videtur,
1375 3528 1469 3627 quod
1497 3554 1577 3600 non.
1604 3529 1738 3626 poterit
1767 3541 1882 3600 tamen
1910 3541 2010 3602 actor
2087 3599 2092 3604 .

283 3631 468 3727 fortassis,
509 3633 541 3704 si
568 3631 723 3730 veliet),
750 3657 770 3703 s
798 3658 858 3705 reo
886 3635 1046 3728 exigere,
1087 3646 1127 3704 ut
1157 3634 1249 3704 iuret
1282 3657 1320 3704 se
1352 3658 1423 3703 non
1455 3629 1649 3728 possidere.
1678 3641 1718 3703 ut
1750 3656 1824 3726 arg.
1851 3631 1931 3726 llig.
1964 3629 2009 3703 de

285 3734 404 3808 noxnl.
433 3731 553 3828 acti),
577 3731 614 3808 1.
647 3732 672 3806 l.
709 3736 888 3834 quotiens.
907 3731 968 3806 11.
993 3731 1028 3834 §-
1057 3744 1212 3834 praetor.
1226 3731 1261 3804 1.
1279 3732 1436 3832 8).--81
1464 3759 1547 3806 vero
1575 3734 1654 3831 quis
1681 3758 1722 3806 se
1747 3730 1877 3807 obtulit
1908 3731 2007 3805 fundi
2026 3757 2059 3809 so

324 3987 366 4065 6)
384 3998 390 4010 “
408 3991 582 4052 utiliusne.
611 3985 804 4054 111111.
841 4021 883 4036 -
917 3985 972 4052 sl.
1004 3985 1111 4054 ovilis·
1222 3987 1260 4070 1)
1304 3985 1353 4053 (ll.
1380 3987 1487 4052 Glors.
1510 3985 1553 4050 ad
1571 3982 1592 4048 l.
1615 3984 1639 4050 l.
1662 3986 1718 4072 qui
1741 3984 1904 4071 petitorio.
1928 3986 1961 4050 iu
1978 4007 2008 4052 v.

286 4087 419 4154 ”sinuo-'⁹
433 4089 474 4155 Β.
505 4125 548 4138 -
577 4085 629 4155 61.
652 4093 698 4155 Io.
720 4093 815 4154 Base
837 4085 858 4154 l.
880 4085 902 4153 l.
917 4111 946 4152 r.
961 4087 1112 4170 δασέων.
1179 4091 1291 4156 utitur.

285 4207 362 4272 pag.
376 4189 450 4255 ton.
465 4211 555 4258 vers.
569 4190 600 4256 5.
615 4191 645 4258 6.
1221 4187 1259 4274 3)
1305 4187 1354 4254 ct.
1371 4192 1414 4253 D.
1430 4193 1471 4254 D.
1486 4193 1550 4254 cod
1568 4191 1653 4254 coo.
1673 4185 1705 4274 §.
1723 4187 1774 4255 71.
1797 4208 1873 4275 pag.
1890 4189 1960 4254 170.
1976 4199 2009 4252 et

327 4289 365 4374 7)
407 4301 521 4358 utana.
537 4293 659 4378 (sensu
674 4293 769 4380 quasi
783 4291 947 4376 passivo.)
970 4289 1009 4356 B.
1028 4290 1065 4355 P.
1080 4290 1111 4356 1.
1180 4293 1329 4371 Hecaten.
1345 4289 1485 4357 distinet.
1500 4291 1545 4358 ad
1557 4287 1590 4354 ls.
1604 4288 1627 4356 l.
1643 4289 1728 4376 cogi.
1743 4290 1819 4356 ibid.
1835 4291 1907 4373 (ed.
1922 4291 2006 4353 Hae·

287 4389 450 4457 u-At
465 4396 644 4460 nunnus?
657 4393 695 4460 P.
712 4394 762 4476 1.Ι
1180 4389 1438 4474 nel-lpast573·
1635 4427 1638 4448 ι
2023 4412 2038 4459 s

326 4493 365 4578 8)
408 4503 616 4575 compensem.
635 4495 673 4560 Β.
692 4531 735 4544 -
755 4493 808 4560 At
824 4494 1009 4579 „copiose”
1027 4492 1062 4558 P.
1082 4491 1110 4558 1.
1221 4491 1260 4574 4)
1305 4488 1356 4556 cf.
1374 4493 1479 4558 Olore.
1496 4494 1530 4560 in
1544 4515 1576 4560 v.
1592 4493 1665 4560 eina
1680 4493 1732 4560 sit.

287 4597 317 4662 1.
334 4595 375 4662 G.
1220 4591 1259 4676 Β)
1303 4597 1389 4658 Itan.
1404 4593 1441 4660 P.
1458 4595 1488 4659 1.
1502 4597 1532 4660 1.
1550 4594 1699 4662 (1.-Β.
1716 4593 1771 4660 oin

327 4696 366 4781 9)
409 4696 458 4764 Cf.
473 4706 557 4782 pert.
572 4696 603 4762 1.
618 4695 651 4781 §·
668 4698 718 4764 11.
734 4709 767 4766 et
781 4719 850 4786 seq.
1222 4693 1260 4780 6)
1304 4701 1536 4762 tutaberis.-
1550 4697 1591 4764 B.
1606 4695 1800 4762 „tntum”
1814 4695 1953 4764 -Ρ.1.
1973 4699 2003 4762 1.

330 4799 366 4882 l)
409 4797 447 4863 Β.
462 4801 563 4864 inser.
581 4797 652 4863 ”De
667 4793 738 4874 his,
761 4819 846 4885 qnae
860 4799 942 4866 liant
955 4808 1031 4866 auto
1045 4796 1112 4864 litis
1179 4797 1385 4866 ”indiciumd
1402 4833 1442 4846 ·-
1457 4796 1498 4864 G.
1516 4798 1665 4865 „iuuet”

288 4911 394 4968 reone.
410 4911 444 4966 et
463 4904 513 4966 rei
527 4897 844 4983 interrogationem?
864 4939 907 4950 -
926 4901 965 4968 Ρ.
982 4900 1009 4966 l.
1033 4899 1110 4966 PR.
1223 4901 1259 4985 7)
1302 4901 1452 4985 ardfert.
1465 4905 1592 4965 aieeltt.
1606 4897 1768 4966 Ρ.1.1.(1.
1784 4935 1826 4948 -
1838 4898 1891 4965 Al.
1908 4895 2003 4967 storo
2023 4923 2056 4974 to

288 5003 366 5072 aon..
380 5003 408 5068 l.
425 5002 497 5068 „De
512 5001 584 5081 his,
600 5021 686 5087 quae
702 5000 784 5066 fiunt
798 5011 873 5066 onte
886 5001 931 5068 lit.
948 5003 1053 5070 cont?
1178 5003 1227 5066 ssi
1240 5001 1356 5068 velis·”
1370 4999 1409 5068 Β.

373 5101 425 5168 Cf.
445 5106 557 5168 Taaor.
579 5113 664 5188 port.
678 5102 709 5166 1.
730 5101 775 5166 tit
791 5100 840 5165 11.
860 5119 911 5184 pr.
933 5101 962 5189 §.
981 5104 1007 5168 1.
1022 5123 1111 5170 vers.
1220 5101 1260 5187 8)
1302 5106 1371 5172 sao
1390 5123 1433 5168 aa
1452 5101 1591 5186 trientis
1615 5101 1882 5194 progressio.)
1904 5139 1947 5152 -
1962 5141 2004 5156 -

289 5203 458 5272 Decimus.
473 5209 604 5271 Demos.
619 5203 662 5270 tit
679 5201 729 5270 18.
1179 5205 1218 5286 Β.
1229 5214 1367 5287 praetor.
1395 5203 1491 5270 llano
1512 5203 1708 5287 particulam
1721 5207 1897 5282 emm,
1928 5200 2003 5272 eum

1180 5305 1213 5372 1ι.
1228 5305 1259 5392 5.
1276 5305 1326 5372 lo.
1342 5304 1565 5387 describeret,
1581 5307 1645 5388 (tit
1661 5305 1711 5372 18.
1727 5315 1761 5370 et
1772 5305 1820 5372 ibl
1833 5303 1904 5370 int.
1920 5306 2004 5374 nl'il·

1775 5457 1824 5531 a·
