4800 5954
372 499 435 564 rra
972 439 1137 560 aaaron
1165 487 1235 556 aa.
1263 487 1426 556 tauriani
1454 488 1530 557 aa.

993 677 1047 746 De
1063 677 1279 744 satisdatione
1294 677 1425 744 actoris.
1446 679 1479 762 1)

266 803 373 877 Ἡ),
474 789 563 862 Cum
590 783 716 882 aliquis
743 782 821 855 vult
846 807 951 876 agere
977 783 1013 854 iu
1040 781 1182 873 iudicio,
1208 780 1367 853 libellum
1389 807 1474 855 suae
1503 783 1681 881 petitionis
1708 787 1892 880 porrigere
1918 783 2025 860 debet
2050 786 2104 860 iu·

374 893 461 984 dici,
500 902 536 962 et
569 913 634 985 per
669 883 817 956 iudicem
848 884 907 958 rel
933 887 1005 958 eins
1033 885 1272 982 apparitorem
1299 883 1499 956 oll'ereudus
1525 897 1581 958 est
1613 911 1675 958 reo
1694 887 1739 978 2).
1816 885 1886 960 Sed
1914 900 2101 987 antequam

374 1007 475 1068 actor
495 990 655 1064 libellum
680 1013 784 1058 saum
811 986 917 1060 iudici
941 989 1122 1086 porrigat,
1156 982 1345 1058 satisdabit
1379 1012 1460 1060 oum
1495 987 1624 1060 idoneo
1650 987 1874 1081 fideiussore,
1917 989 2013 1088 quod
2039 1017 2102 1062 us·

374 1098 445 1196 que
478 1094 524 1168 ecl
553 1093 658 1166 linem
690 1089 765 1162 litis
794 1087 1036 1186 perseverabit
1066 1090 1102 1160 in
1129 1113 1250 1178 causa,
1296 1112 1441 1186 eamque
1475 1115 1541 1188 per
1573 1114 1612 1161 se
1644 1089 1702 1162 vel
1737 1117 1800 1188 per
1833 1106 2103 1190 procuratorem

340 1220 476 1272 ssuum
502 1193 676 1295 perficiet,
722 1206 776 1286 et,
820 1193 850 1262 si
877 1191 1083 1288 apparuerit
1117 1216 1198 1263 curn
1230 1190 1357 1264 iniuste
1383 1193 1479 1264 litem
1504 1192 1680 1285 movisse,
1718 1190 1818 1265 dubit
1844 1219 1907 1266 reo
1933 1194 2105 1267 decimam

374 1313 511 1401 partem
537 1298 610 1369 litis
636 1297 672 1366 in
699 1293 822 1365 libello
850 1291 1144 1390 comprehensae3
1176 1292 1207 1364 si
1239 1316 1324 1362 vero
1359 1294 1558 1367 constiterit
1590 1318 1655 1391 per
1686 1294 1798 1392 ipsius
1832 1309 2104 1387 sacramentum,

375 1401 472 1503 quod
498 1401 742 1472 fideiussorem
768 1396 852 1466 dare
878 1421 951 1467 non
976 1395 1112 1491 possit,
1138 1394 1330 1466 remittitur
1358 1396 1390 1466 ei
1415 1395 1511 1468 datio
1537 1394 1777 1488 fideiussoris,
1804 1398 1867 1470 sed
1897 1399 2102 1476 iuratoriam

374 1514 531 1603 exponet
556 1502 772 1592 cautionem3
809 1508 845 1570 et
865 1498 902 1568 in
927 1494 1049 1570 libello
1078 1495 1240 1594 profiteri
1265 1493 1371 1568 debet
1396 1523 1436 1570 se
1461 1497 1638 1570 facturum
1670 1497 1911 1572 haecomnia.
1963 1501 2010 1572 Et
2036 1498 2103 1572 boc

375 1633 497 1681 verum
525 1616 582 1676 est
606 1600 838 1696 generaliter,
882 1599 980 1697 quod
1009 1599 1089 1670 talis
1118 1598 1235 1672 cautio
1263 1601 1437 1693 praestari
1466 1598 1593 1692 debet,
1626 1601 1692 1671 uisi
1717 1627 1821 1673 causa
1850 1615 2034 1674 moveatur
2059 1627 2104 1672 ex

326 1739 359 1790 10
377 1732 553 1784 consensu
580 1706 763 1802 utriusque
771 1730 783 1796 3
822 1712 905 1797 puta
930 1701 1027 1798 apud
1053 1699 1226 1794 arbitros3
1269 1699 1454 1792 addico,
1494 1728 1539 1774 ex
1565 1727 1742 1775 consensu
1769 1703 2104 1802 utriusquepartis,

376 1814 411 1885 id
445 1821 501 1883 cst
535 1809 695 1878 cautione
729 1803 891 1896 remissa,
927 1803 1024 1901 quod
1054 1801 1180 1874 melius
1212 1811 1267 1874 est
1285 1800 1328 1901 3).
1404 1805 1453 1876 Et
1488 1802 1575 1877 bueo
1610 1805 1730 1876 omnia
1763 1804 1890 1900 collige
1924 1830 1969 1877 ex
1993 1803 2104 1877 Antb.

376 1916 440 1986 illo
460 1913 490 2001 ⁴)
517 1909 606 1982 Cod.
641 1909 686 1980 de
717 1907 826 2002 episc.
857 1918 895 1977 et
925 1906 1008 1978 cler.
1025 1902 1060 1997 l,
1077 1903 1113 1976 5.
1139 1904 1362 2000 generaliter.
1398 1904 1458 2002 (ad
1484 1903 1600 2005 123.)
1625 1918 1661 1978 et
1687 1905 1776 1981 cod.
1800 1906 1844 1980 de
1870 1918 1997 1979 essert.
2024 1905 2103 1978 toll.

376 2015 414 2112 7,
432 2011 493 2106 17,
520 2012 544 2083 l.
562 2008 597 2083 l.
622 2008 658 2108 §-
682 2002 867 2080 omnes.⁰2
895 2047 943 2060 -
996 2009 1076 2080 lloc
1098 2007 1193 2078 sacto
1222 2006 1327 2080 iudex
1354 2005 1516 2078 libellum
1543 2010 1669 2106 recipit
1695 2020 1731 2081 et
1754 2009 1840 2080 citat
1858 2008 1892 2104 5)
1925 2034 2036 2102 reum,
2062 2018 2104 2079 ut

377 2119 504 2190 veniat.
555 2114 603 2184 Et
629 2139 706 2184 cum
731 2109 885 2201 venerit,
912 2107 1020 2180 debet
1040 2121 1138 2181 actor
1164 2110 1294 2180 iterum
1317 2111 1514 2182 cautionem
1535 2136 1718 2208 exponere
1741 2111 1778 2183 in
1803 2137 1903 2204 eum,
1931 2136 2034 2211 quern
2051 2109 2103 2181 rli·

326 2241 358 2290 15
378 2221 424 2292 cit
452 2215 664 2306 obnoxium,
693 2210 749 2283 vel
773 2211 810 2280 iu
828 2210 861 2308 6)
888 2211 1020 2304 negotii
1044 2219 1306 2304 exsecutorem,
1339 2211 1436 2310 quod
1463 2211 1553 2284 inira
1580 2211 1671 2285 dnos
1698 2238 1835 2285 meuses
1860 2212 1958 2285 litem
1984 2223 2103 2288 conte·

376 2319 546 2412 stabitur,
579 2314 654 2407 vel,
698 2315 823 2385 sinon
850 2312 954 2384 fuerit
982 2313 1079 2385 litem
1105 2323 1341 2404 contestatus,
1381 2339 1485 2386 omne
1514 2313 1677 2386 damnum
1702 2317 1743 2386 iu·
1763 2313 1911 2412 duplum
1938 2315 2104 2386 resarciet

375 2451 456 2503 reo,
490 2423 538 2492 ita
566 2431 703 2509 tamen,
744 2414 841 2512 quod
868 2415 985 2486 cautio
1010 2415 1071 2486 illa
1098 2440 1170 2488 non
1195 2413 1420 2488 transcendat
1446 2441 1616 2488 summam
1645 2418 1786 2511 triginta
1814 2441 1878 2488 sex
1904 2441 2102 2488 aureorum.

375 2538 415 2596 ut
445 2525 483 2596 C.
502 2519 539 2594 5.
567 2548 602 2620 q.
616 2515 654 2591 5.
689 2514 919 2617 §.libellum
951 2529 1078 2589 autem.
1111 2517 1167 2616 (c.
1189 2515 1226 2588 l.
1250 2516 1360 2616 Μ)
1381 2517 1412 2617 7)
1445 2521 1480 2588 in
1507 2515 1617 2588 nuth.
1653 2518 1698 2591 de
1731 2519 1878 2612 litigios.
1905 2515 1940 2617 g.
1968 2517 2012 2590 ad
2042 2542 2102 2589 ex·

376 2623 579 2700 eludendas.
605 2619 698 2693 Coll.
713 2615 750 2692 8.
778 2619 885 2711 (Nor.
903 2615 987 2691 itt.
1014 2616 1107 2713 ab.)
1137 2618 1225 2692 Cori.
1252 2620 1297 2692 (le
1323 2619 1374 2692 lit.
1399 2631 1493 2693 cont.
1509 2617 1549 2713 5,
1567 2617 1603 2692 9.
1630 2619 1741 2694 ΑυιΙι.
1767 2619 1928 2694 libellum
1945 2619 1990 2722 Β).
2015 2619 2101 2691 Pot-
2138 2709 2145 2724 Β

375 2785 810 2807 *Μ

419 2878 456 2960 1)
498 2876 546 2942 lta
559 2874 598 2940 L.
617 2874 647 2938 l.
668 2872 706 2938 F.
723 2872 752 2936 l.
774 2869 821 2936 Μ.
834 2870 864 2936 1.
889 2874 952 2950 (Io.
975 2870 1079 2936 Ana.
1102 2875 1146 2936 ad
1165 2875 1206 2936 D.
1273 2870 1609 2940 latrocinentur.
1632 2873 1674 2938 de
1693 2869 2102 2956 litcont3‚9.subl.in

376 3003 424 3061 ep.
441 2978 497 3044 lib.
511 2979 542 3042 2.
563 2997 597 3060 p.
616 2974 645 3039 l.
666 2973 700 3038 iu
721 2973 811 3040 rubr.
826 2973 870 3039 dc
885 2971 1033 3038 satisdat.
1064 2972 1205 3040 „Tacen
1273 2974 1373 3042 Autb.
1388 2974 1533 3042 libellum
1548 2987 1612 3042 etc.

378 3089 494 3165 »parte
515 3077 666 3144 secunda
686 3072 766 3144 facit
785 3084 855 3140 tres
876 3075 1029 3140 mbrioas
1050 3075 1092 3140 de
1109 3077 1206 3142 satis·
1319 3079 1356 3160 7)
1403 3080 1436 3144 0.
1452 3083 1486 3142 3.
1503 3102 1531 3161 q.
1547 3077 1632 3157 3.,1.
1649 3080 1783 3142 atatam
1797 3087 1907 3144 amera
1934 3112 1976 3126 --
2001 3075 2101 3144 1112.

377 3180 549 3248 „dationib
575 3178 718 3258 actoris,
748 3177 815 3256 rei,
843 3185 877 3240 et
898 3177 1064 3261 agamiam
1082 3197 1207 3242 causas
1275 3177 1381 3246 male:
1397 3178 1462 3260 ‚‚C.
1476 3178 1506 3244 2.
1522 3201 1552 3264 q.
1568 3178 1622 3244 ult
1637 3177 1883 3266 §.libellorum
1900 3187 1940 3261 (c.
1954 3179 1985 3246 5.
1999 3179 2022 3266 §
2037 3180 2102 3254 2.)”

345 3283 555 3350 aroteras?
585 3276 636 3346 Gs.
650 3289 717 3345 not.
733 3281 760 3341 1.
782 3276 825 3342 ad
841 3297 925 3363 seqq
950 3278 995 3342 tit.
1012 3277 1061 3344 15.
1078 3278 1149 3360 16.)
1163 3315 1206 3326 -
1315 3279 1354 3362 8)
1397 3281 1449 3346 Ex
1466 3282 1571 3346 Glorr.
1589 3283 1624 3344 Τ.
1649 3281 1692 3346 nd
1714 3301 1786 3366 seq.
1809 3283 1854 3348 tit.
1873 3303 1923 3366 pr.
1946 3282 2042 3360 (lust.
2058 3281 2103 3346 dc

376 3385 431 3452 Al.
456 3383 530 3452 „De
544 3381 660 3448 satisd.
681 3380 723 3446 ab
739 3389 851 3446 amore
866 3379 1100 3463 praestanda”
1114 3379 1154 3445 B.
1168 3379 1206 3446 1..
1271 3382 1390 3448 setisd.
1404 3381 1493 3468 §.t-l
1509 3429 1531 3464 ‚‚
1547 3427 1556 3448 .
1570 3425 1580 3446 .
1596 3382 1764 3465 primam.”
1777 3384 1978 3462 (canboucnr
1992 3389 2102 3463 actor)

379 3492 408 3553 1.
425 3487 457 3552 2.
478 3521 521 3534 -
548 3481 622 3550 „De
637 3483 752 3548 satisd.
767 3483 811 3548 ab
827 3481 972 3546 actore?
987 3480 1044 3546 us.
1060 3477 1108 3546 Βὶ.
1121 3481 1159 3547 F.
1175 3481 1205 3548 2.
1273 3484 1451 3568 ,‚exponit,
1481 3495 1656 3569 antequam
1677 3482 1822 3551 libellam
1835 3485 1978 3569 principi
1994 3487 2103 3570 porri-

377 3590 473 3656 llam
502 3619 545 3636 -
576 3584 646 3651 »De
671 3583 785 3650 satisd.
808 3580 1042 3666 praestanda?
1056 3581 1095 3647 L.
1109 3581 1142 3648 3.
1163 3618 1207 3632 -
1272 3595 1363 3669 vagat.
1391 3585 1486 3651 Haec
1508 3595 1560 3651 est
1582 3585 1624 3652 de
1648 3585 1705 3651 lite
1731 3587 1980 3673 prosequenda.
2007 3597 2045 3652 nt
2068 3588 2103 3652 in

378 3692 460 3758 „Cui
484 3698 518 3754 ct
540 3687 706 3774 quomodo
727 3683 883 3753 offeratur
896 3683 1030 3750 libellus
1045 3695 1078 3749 et
1093 3684 1134 3750 de
1150 3704 1205 3750 su·
1274 3683 1398 3768 „Auta
1421 3687 1464 3753 dc
1486 3685 1661 3752 exhibend.
1682 3697 1716 3752 ot
1736 3688 1896 3754 intromitt.
1919 3689 1998 3754 reis.
2013 3686 2044 3774 §.
2063 3686 2102 3754 il·

331 3803 363 3855 10
379 3794 475 3860 irrisu.
489 3789 643 3858 actoris.”
657 3787 699 3854 A.
724 3821 765 3836 -
791 3783 860 3853 nDe
875 3785 978 3852 libelli
992 3786 1157 3852 oblatione
1171 3796 1206 3854 ct
1269 3787 1364 3870 „lun
1385 3788 1486 3871 (Nor.
1501 3785 1545 3852 53
1568 3785 1668 3870 (1.3.)
1683 3801 1717 3855 et
1731 3787 1815 3856 Cod.
1836 3790 1879 3855 de
1899 3788 1945 3856 lit.
1966 3799 2053 3859 cont.
2067 3788 2102 3869 3,

380 3894 539 3964 „sarua”
554 3892 645 3960 1112.
1273 3890 1329 3979 „b
1359 3889 1457 3956 Autb.
1471 3889 1516 3954 ibi
1532 3890 1677 3974 signata:
1705 3890 1864 3958 libellum.
1892 3890 2002 3957 Aliam
2022 3911 2101 3957 cau·

465 3993 516 4064 cf.
532 3997 608 4058 Pru.
623 4014 658 4080 p.
675 3991 704 4058 1.
719 3989 751 4078 §.
768 3990 798 4055 l.
1235 4031 1241 4046 .
1273 3993 1419 4075 ,tionem
1446 3993 1583 4075 exponit
1608 4003 1719 4074 actor,
1748 4003 1924 4078 postquem
1952 3990 2102 4058 libellum

421 4099 459 4179 2)
501 4093 556 4160 lu.
570 4095 603 4160 2.
622 4093 698 4161 add.
723 4102 778 4158 »ut
792 4090 878 4158 con.
899 4113 1011 4179 quom.
1031 4103 1065 4159 et
1084 4090 1206 4179 quand.
1274 4093 1587 4176 „conventionalem
1611 4095 1770 4181 porrexit.
1812 4093 1855 4160 Et
1882 4093 1968 4162 baec
1996 4099 2103 4162 cautio
2146 4095 2151 4116 ¹

381 4201 468 4268 ..tua
484 4199 516 4280 7,
530 4194 581 4262 43.
596 4194 695 4264 Aatb.
709 4194 766 4281 qui
781 4193 897 4260 semel.
914 4195 969 4272 (ad
984 4193 1006 4261 l.
1022 4193 1087 4270 8.)”
1274 4205 1354 4277 „est
1367 4194 1410 4260 do
1425 4195 1555 4264 decimu
1569 4195 1758 4284 quantitatis
1772 4197 1806 4262 iu
1819 4193 1932 4264 libello
1951 4215 2102 4280 compre·

331 4310 362 4360 ts
421 4301 459 4385 3)
502 4305 566 4364 tart
593 4319 690 4362 como
717 4305 876 4360 moveator
987 4302 1072 4380 quod
1096 4299 1208 4360 melios
1274 4295 1428 4380 „herme
1448 4300 1581 4364 nomme
1600 4317 1825 4381 expensarum
1838 4297 2054 4364 restituenda.
2068 4308 2104 4362 nt

378 4415 432 4470 ert.
454 4439 496 4450 -
517 4397 616 4468 1112.
637 4397 723 4466 „nisi
745 4416 850 4464 censa
864 4385 1036 4464 moveatur
1050 4397 1139 4486 apurl
1154 4415 1208 4462 ur·
1275 4399 1333 4480 „in
1362 4396 1461 4465 Autb.
1490 4400 1533 4464 do
1566 4399 1699 4484 litigios.
1729 4398 1761 4486 §.
1790 4399 1834 4468 nd
1863 4394 2103 4464 excludendas.

379 4507 502 4572 „bitros
528 4504 569 4571 de
599 4519 771 4569 consensu
796 4499 968 4586 utriusque
999 4501 1123 4583 partis,
1139 4495 1208 4563 *vel
1274 4499 1478 4583 ‚‚‹Nov.112.
1493 4522 1523 4567 c.
1537 4501 1582 4580 2.)
1615 4499 1849 4568 Verumtamen
1862 4497 2015 4568 domiuus
2030 4501 2101 4568 Azo

380 4607 464 4674 „nisi
479 4606 588 4672 cantio
603 4602 747 4671 remissa
760 4601 833 4668 sit?
1274 4601 1426 4684 „credit,
1456 4603 1544 4689 quod
1560 4605 1589 4668 si
1603 4622 1776 4686 expensae
1791 4603 2000 4668 excesserint
2015 4603 2102 4669 deoi-

421 4711 460 4794 4)
503 4709 577 4772 Aut
594 4709 656 4770 «tto.
673 4703 713 4768 B.
736 4702 776 4768 L.
793 4704 821 4768 l.
836 4701 866 4766 2.
888 4711 921 4768 et
942 4701 1040 4768 codd.
1054 4699 1136 4768 B.B.
1165 4735 1207 4748 -
1277 4724 1386 4786 ,mam
1401 4714 1530 4788 partem
1542 4702 1626 4784 litis,
1657 4705 1742 4776 bene
1759 4704 1998 4772 condemnatur
2010 4713 2103 4770 actor

328 4829 365 4878 ao
381 4811 435 4880 nl.
453 4821 541 4878 aaut.
555 4805 715 4875 inatus.
730 4839 771 4852 -
788 4802 863 4868 ailla
877 4800 1029 4869 out.”1lf.
1047 4803 1074 4866 l.
1091 4805 1124 4884 2.
1275 4803 1486 4889 „insolitis”
1524 4805 1668 4884 (Fueritr
1697 4804 1876 4888 ‚‚solntis'‘l
1906 4805 2102 4890 ‚expantia

422 4903 460 4996 5)
503 4917 613 4993 recipit
630 4917 663 4972 et
676 4915 754 4972 citet
781 4905 818 4970 L·
838 4905 867 4969 1.
886 4904 926 4969 E.
953 4903 1028 4968 Hal.
1042 4903 1092 4968 Bi.
1113 4903 1161 4970 11.
1175 4905 1207 4970 2.
1275 4907 1390 4988 „unde
1411 4906 1640 4978 Antbcnticatn
1661 4906 1767 4976 illam:
1796 4908 1842 4974 ud
1862 4906 2105 4974 excludendas.

382 5015 502 5082 etbbri
516 5014 569 5080 etl.
582 5047 626 5060 -
645 5008 700 5075 Al.
721 5006 811 5094 vulg.
832 5004 903 5070 libr.
920 5025 1086 5082 marruscr.
1102 5005 1207 5074 „reci-
1276 5007 1466 5095 „tnreuigm
1495 5013 1627 5096 quando
1655 5029 1828 5092 expensae
1855 5005 1965 5076 factae
1993 5007 2102 5076 subsi-

381 5121 475 5202 „piat
489 5113 641 5182 etcitet.”
1276 5122 1390 5192 „stant
1411 5113 1444 5178 iu
1469 5113 1599 5178 decium
1620 5119 1714 5196 palte
1739 5111 1793 5178 vcl
1817 5129 1890 5176 eam
1916 5131 1983 5180 uon
2003 5131 2103 5178 exos·

423 5217 464 5300 6)
507 5221 611 5282 retia.
641 5249 683 5259 -
712 5208 767 5276 Rs.
785 5211 813 5276 l.
828 5211 860 5276 2.
874 5215 959 5292 „et”
987 5248 1029 5258 -
1057 5209 1107 5278 Cl.
1125 5213 1205 5276 Aac.
1276 5215 1411 5294 „dunt”
1436 5249 1478 5262 -
1505 5212 1576 5277 Aac
1595 5211 1671 5277 lect.
1687 5213 1720 5278 iu
1735 5213 1818 5280 Cod.
1833 5214 1877 5278 tit.
1893 5213 1935 5278 de
1950 5214 2055 5298 episc.
2070 5223 2104 5278 et
