4786 5962
1940 589 1998 634 xlx

372 755 534 850 Contra,
580 780 625 828 ne
651 755 762 828 iustos
790 751 1005 827 edendorum
1033 751 1236 828 huiusmodi
1267 753 1439 829 librorum
1472 754 1561 827 lines
1597 752 1783 850 egrederer
1812 767 1847 829 et
1872 757 1917 830 ad
1944 760 1998 832 in·

272 875 512 971 stitutionem,
549 900 656 974 qnam
681 875 921 970 dogmaticam,
939 886 1092 967 vocant,
1125 899 1249 973 parurn
1272 885 1354 973 apte
1382 873 1614 965 transilimus,
1647 875 1928 971 aponderandis
1955 905 1997 954 ae

271 991 499 1067 diiudicandis
526 1005 711 1066 auctorum
737 990 985 1092 opinionibus,
1027 995 1236 1112 propsertim
1263 995 1329 1086 iis,
1376 1018 1467 1091 quae
1500 992 1545 1064 ad
1570 993 1684 1064 civilis
1711 995 1798 1066 iuris
1824 997 1995 1096 interpre-

270 1113 439 1185 tationem
464 1122 650 1210 speotant‚
683 1139 748 1186 neo
775 1138 846 1184 non
872 1110 917 1183 ab
944 1113 1165 1211 exponendis
1191 1112 1266 1206 his,
1295 1137 1387 1213 qnae
1412 1112 1538 1182 seriori
1563 1121 1723 1208 tempore
1748 1116 1892 1188 existis
1918 1120 1995 1217 opi·

271 1229 436 1303 nionibns
462 1232 659 1324 linxerunt,
690 1233 831 1304 omnino
858 1229 1126 1325 abstinendum,
1158 1232 1245 1331 quin
1275 1232 1381 1302 immo
1412 1241 1448 1301 et
1474 1227 1544 1300 boo
1569 1228 1649 1301 loeo
1677 1241 1792 1304 tolum
1825 1232 1894 1306 boe
1919 1250 1994 1309 sto·

272 1349 412 1423 diorum
440 1376 551 1444 genus
577 1375 692 1448 neque
718 1348 905 1444 laudibus,
944 1349 1027 1424 lieet
1052 1351 1268 1446 iratissimis,
1307 1347 1545 1442 efferendum,
1593 1375 1706 1449 neque
1737 1351 1853 1424 sosius
1881 1355 1994 1455 expli·

272 1467 422 1542 eandum
447 1495 525 1541 esse
554 1471 689 1567 putavi.

373 1586 450 1661 Ser.
478 1589 680 1684 Gottingae.
706 1617 754 1666 m.
779 1589 906 1688 aprili.
935 1612 1014 1661 ann.
1041 1583 1152 1660 1842.

273 1791 417 1802 ἠ,-

273 1909 381 1973 Lucae
406 1907 499 1976 1769.
529 1945 572 1958 -
600 1909 671 1975 Sed
690 1909 818 1995 passim
837 1909 881 1974 ad
896 1909 949 1973 ed.
964 1911 1103 1972 Ilerdes·
1172 1927 1237 1993 quo
1265 1907 1391 1974 ordinis
1420 1905 1581 1973 iudiciarii
1613 1906 1797 1991 positiones
1826 1907 1994 1998 libellique

271 2033 338 2074 aero
356 2011 535 2078 remissurn
560 2023 622 2076 est.
646 2011 827 2098 (Antiquae
853 2009 929 2076 coll.
952 2011 1103 2076 decreta·
1169 2019 1423 2096 pertractantur.
1438 2013 1544 2089 erqd.
1560 2007 1652 2075 1561.

274 2111 365 2178 lium.
393 2116 524 2179 ilerdae.
541 2113 654 2196 1576.)
1254 2115 1402 2176 mandi
1415 2111 1607 2196 (1111111161)
1625 2115 1783 2192 speculum
1798 2113 1898 2200 iuris,
1919 2134 1995 2180 enni

356 2215 488 2282 sauma
501 2215 632 2280 Aeonas.
652 2211 965 2282 {foroiulanus
984 2211 1102 2302 §orum
1167 2213 1258 2280 loan-
1279 2214 1436 2280 Andreae
1552 2213 1735 2278 visionibus
1756 2225 1818 2280 ete.
1847 2217 1995 2300 Francos.

275 2335 452 2395 nurneroS,
481 2318 543 2382 sed
565 2317 692 2402 passim
715 2316 974 2401 praestantiores
988 2315 1102 2382 lectio-
1168 2315 1260 2384 1592.
1282 2351 1326 2366 -
1351 2315 1458 2381 liuius
1479 2317 1532 2380 ed.
1553 2334 1712 2380 numeros
1733 2313 1894 2400 allegavi,
1929 2317 1994 2384 sed

273 2435 336 2482 nes
352 2437 394 2481 ex
409 2419 461 2482 ed.
475 2419 625 2497 Laqueo.
642 2418 735 2487 1530.
750 2418 908 2484 desumsi.
1169 2431 1293 2503 saepe,
1322 2437 1408 2503 qnae
1438 2437 1480 2482 ex
1508 2418 1637 2484 duabus
1660 2419 1896 2502 antiquioribus
1918 2420 1994 2502 (ed.

360 2521 481 2584 Aeonis
503 2520 547 2584 ad
568 2521 653 2606 sing.
673 2521 769 2606 leges
787 2518 955 2590 121ibror.
974 2519 1102 2584 codicis
1169 2522 1340 2584 Mediolon.
1373 2517 1465 2584 1478
1501 2530 1534 2584 et
1558 2521 1698 2584 Norimt.
1726 2518 1844 2604 1186.)
1872 2521 1994 2607 petitae

274 2621 463 2688 lastinianei
476 2623 731 2688 commentarius
754 2631 788 2688 et
804 2640 945 2708 magnus
960 2641 1101 2704 appara·
1169 2631 1265 2701 sunt,
1292 2620 1449 2687 meliores
1464 2619 1627 2688 lectiones
1642 2621 1763 2686 addidi.

274 2734 337 2790 tus.
352 2721 514 2809 (nectura
528 2731 562 2787 r'n
579 2723 679 2811 Cod.)
697 2726 800 2805 Lapa.
817 2723 911 2791 1577.
1252 2721 1439 2803 rlneedoto9
1460 2742 1545 2807 quaa
1558 2741 1757 2805 processum
1771 2722 1902 2790 eivilenr
1915 2744 1992 2810 spe·

361 2824 750 2908 Celeberrimilureeons.
769 2869 803 2890 ..
832 2827 918 2888 Pila·
931 2821 1102 2890 Modioen·
1172 2833 1271 2890 eunt.
1301 2825 1354 2888 ed.
1375 2827 1589 2888 Wunderlr'elr.
1618 2857 1661 2872 —
1689 2827 1855 2904 Bolyaroa.
1871 2829 1993 2892 Dama-

276 2926 324 2991 sis
340 2925 619 3011 (PilliiMedicin.)
635 2927 849 3014 quaestiones
865 2945 999 2992 aureae.
1014 2929 1100 2990 Item.
1169 2949 1234 2991 aru.
1249 2929 1444 3006 Bonopuida.
1465 2959 1499 2972 -
1521 2925 1659 3004 Gottiay.
1676 2923 1768 2991 1841.

278 3025 372 3094 1560.
1254 3027 1375 3094 Omitto
1391 3035 1518 3106 cetera,
1546 3027 1580 3090 in
1602 3025 1722 3112 quibus
1740 3025 1829 3094 band
1844 3007 1992 3096 dubitau-

360 3134 493 3216 Rosradr'
519 3133 731 3194 Beneventani
849 3139 1024 3210 tracuus,
1067 3129 1101 3193 in
1170 3129 1332 3210 domest,
1362 3149 1427 3215 quo
1441 3126 1526 3194 libro
1541 3147 1624 3193 usus
1640 3127 1711 3194 sim.
