4770 5962
393 539 457 607 380
723 585 726 594 -
971 531 1329 601 Gratiaedeiudiciar.
1345 533 1418 601 ord.
1445 533 1533 602 Rs.

396 755 473 802 cum
506 728 669 800 instantia
706 727 915 800 sententiam
954 725 1148 824 postulare.
1198 726 1247 798 X.
1273 727 1317 799 G.
1346 724 1391 798 de
1426 724 1529 798 elect.
1544 720 1582 819 l,
1596 722 1633 798 6.
1666 751 1745 798 oum
1775 727 1869 798 iuter
1901 727 1945 800 n.
1964 725 2023 800 16.
2041 726 2078 825 ⁰)

499 831 610 904 ludex
635 841 752 902 autem
779 833 816 901 iu
840 831 1022 901 sententiis
1048 828 1244 900 diffinitivis
1270 827 1364 899 huuc
1388 827 1532 899 modum
1558 853 1701 901 servare
1727 828 1845 901 debet.
1894 829 2009 904 Debet
2035 831 2126 904 euim

397 957 517 1007 coram
543 932 633 1025 illis,
662 958 780 1004 coram
807 929 938 1030 quibus
963 933 1112 1003 recitare
1137 930 1244 1002 debet
1271 931 1500 1023 senteutiam,
1526 941 1642 1002 totum
1670 933 1848 1024 negotium
1877 934 2127 1028 perordinem

396 1039 555 1127 recitare,
584 1047 620 1108 et
647 1046 762 1107 totum
788 1035 920 1106 lactum
947 1035 1145 1104 summatim
1175 1031 1391 1130 repilogare,
1418 1032 1583 1130 exemplo
1598 1032 1811 1105 Salomonis.
1846 1035 2126 1133 X.G.deprae·
2230 1047 2236 1060 '

364 1135 556 1231 assumed,
573 1134 635 1210 25.
661 1163 691 1210 c.
715 1138 851 1208 allerte.
867 1133 902 1208 2.
921 1125 956 1240 ⁷)
1009 1137 1205 1233 Postquam
1239 1145 1355 1207 totum
1395 1135 1527 1206 lactum
1561 1138 1778 1229 narraverit,
1818 1137 1987 1233 scriptam
2018 1135 2126 1210 debet

396 1239 528 1313 babere
553 1241 761 1312 senteutiam
796 1240 831 1309 iu
865 1236 1049 1332 manibus,
1094 1249 1130 1309 et
1159 1261 1221 1309 ore
1253 1238 1401 1334 proprio
1429 1261 1505 1308 cam
1541 1235 1648 1310 debet
1677 1237 1818 1333 legere,
1864 1250 1900 1311 et
1925 1239 2027 1313 alteri
2053 1265 2127 1312 uon

397 1343 626 1417 committere.
678 1343 724 1413 Et
751 1343 781 1412 si
804 1351 888 1412 sunt
912 1340 1056 1438 plures,
1083 1351 1206 1411 omnes
1233 1338 1336 1409 simul
1363 1339 1493 1432 legent.

413 1499 417 1506 ·
497 1447 628 1517 Forma
664 1469 749 1516 vero
785 1445 976 1515 sententiae
1010 1441 1202 1515 erithace
1253 1441 1376 1512 Primo
1405 1465 1578 1537 ponamus
1612 1443 1773 1540 exempla
1808 1443 1845 1513 iu
1870 1467 1975 1515 caasa
2007 1445 2126 1516 matri·

333 1619 336 1628 ,
397 1547 559 1641 moniali,
591 1547 674 1645 quia
700 1545 919 1643 frequentius
946 1543 1014 1616 boc
1046 1544 1199 1616 occurrit
1231 1544 1267 1612 in
1295 1543 1374 1614 loro
1404 1543 1657 1616 ecclesiastico.
1709 1548 1779 1638 „lu
1811 1548 1950 1617 nomine
1974 1546 2127 1619 Domini.

349 1655 553 1742 10‚,Amen.
607 1650 682 1720 Nos
709 1651 773 1740 M,
801 1649 866 1720 Dei
892 1649 1002 1740 gratia
1030 1648 1220 1744 episcopus
1239 1641 1275 1739 Θ)
1303 1644 1490 1738 Aretious,
1522 1661 1775 1740 cognoscentes
1801 1647 1845 1718 de
1873 1672 1977 1719 causa
2008 1651 2127 1720 matri·

399 1751 595 1846 „mouiali,
630 1775 721 1848 quac
748 1747 953 1822 vertebatur
977 1750 1070 1820 inter
1094 1749 1144 1819 nt.
1171 1773 1214 1820 ex
1237 1772 1306 1817 una
1332 1759 1435 1845 parte
1461 1760 1497 1820 et
1518 1749 1561 1822 B.
1591 1749 1775 1823 mulierem
1797 1773 1842 1822 ex
1867 1749 1998 1843 altera,
2040 1775 2127 1847 quac

398 1854 509 1948 „talis
541 1862 633 1924 crat:
673 1850 818 1948 petebat
850 1850 1025 1949 siquidem
1055 1849 1149 1921 dieta
1184 1847 1311 1922 mulier
1345 1849 1564 1946 praedictum
1591 1853 1641 1922 M.
1670 1853 1707 1923 in
1740 1855 1851 1923 virum
1878 1877 2004 1945 suum,
2044 1877 2125 1924 cum

399 1981 547 2050 „secum
574 1956 790 2027 contraxerit
823 1979 888 2050 per
918 1951 1028 2024 verba
1059 1953 1104 2026 de
1138 1953 1316 2049 praesenti
1343 1963 1378 2022 ct
1404 1952 1526 2022 annuli
1553 1953 1733 2026 dationem
1761 1953 1917 2046 legitime
1947 1955 2126 2028 matrimo-

372 2059 542 2152 '„uium;
582 2057 676 2128 uude
704 2053 848 2152 petebat
874 2080 956 2125 eum
982 2079 1130 2126 censura
1159 2055 1394 2126 ecclesiastica
1424 2059 1579 2126 coerceri
1607 2059 1765 2154 recipere
1789 2059 1824 2128 iu
1851 2081 1952 2128 sua·
1979 2081 2127 2130 uxorem

350 2181 385 2236 to
402 2172 467 2254 „et
495 2185 571 2229 eam
599 2157 747 2230 maritali
773 2158 959 2229 allectione
985 2167 1223 2253 pertractare,
1249 2156 1312 2228 lite
1340 2181 1459 2227 coram
1486 2155 1591 2229 nobis
1617 2183 1727 2256 super
1753 2157 1821 2231 boc
1842 2157 2128 2252 legitimeccnta·

397 2273 517 2356 „stata
543 2272 630 2354 etc,
662 2262 744 2331 item
775 2260 948 2357 praestito
968 2258 999 2356 ⁹)
1025 2261 1221 2332 iuramento
1255 2258 1300 2330 de
1325 2258 1473 2331 veritate
1505 2258 1673 2355 dicenda,
1709 2259 1862 2332 testibus
1886 2264 2032 2358 iusuper
2056 2285 2125 2360 pro

397 2375 528 2460 „parte
553 2363 594 2434 B.
620 2361 777 2434 mulieris
805 2361 988 2458 productis
999 2353 1050 2465 ¹⁰)
1076 2374 1112 2432 et
1143 2365 1193 2432 eis
1220 2359 1414 2458 prudenter
1437 2363 1643 2435 examinatis
1666 2389 1709 2456 ac
1734 2363 1940 2456 solemniter
1966 2361 2127 2460 publica·

397 2469 489 2560 „tis,
517 2463 756 2562 positionibus
782 2479 818 2536 et
841 2461 1131 2561 responsionibus
1159 2462 1241 2534 binc
1265 2461 1345 2533 inde
1373 2461 1496 2556 lactis,
1538 2467 1748 2538 renuntiatis
1772 2466 1913 2538 demum
1940 2465 2125 2563 probatio·

397 2566 531 2663 „nibus
558 2565 813 2664 producendis,
838 2591 884 2642 ¹ac
910 2576 1060 2664 utraque
1085 2580 1186 2661 parte
1212 2565 1418 2635 sententiam
1455 2567 1680 2663 postulante,
1711 2566 1834 2639 babito
1860 2593 1970 2664 super
1995 2568 2051 2639 bis
2072 2569 2126 2641 di·
2216 2648 2220 2660 ¹

347 2701 381 2752 20
398 2669 548 2763 „ligeriti
574 2679 725 2740 tractatu
751 2681 787 2740 et
813 2666 1037 2765 prudentium
1057 2667 1103 2765 ¹¹)
1132 2669 1287 2762 virorum
1317 2666 1485 2760 consilio,
1522 2669 1587 2741 ltei
1618 2671 1760 2742 nomine
1783 2671 1968 2764 invocato,
2004 2672 2125 2743 matri·

397 2773 578 2866 „monium
607 2770 800 2864 legitimum
827 2771 1098 2866 pronuntiamus
1134 2768 1317 2841 diffinitive
1344 2793 1422 2840 esse
1447 2771 1540 2843 iuter
1565 2771 1787 2868 praedictos,
1826 2771 1951 2843 dantes
1978 2772 2126 2846 tirmiter

395 2876 456 2967 „in
484 2872 656 2944 mandatis
686 2873 756 2966 nt,
793 2870 890 2970 quod
916 2872 994 2968 ipsc
1020 2872 1060 2944 B.
1087 2882 1265 2970 tamquam
1292 2895 1441 2942 uxorem
1467 2897 1564 2944 suam
1593 2872 1629 2945 iu
1656 2873 1807 2946 maritali
1832 2873 2018 2946 allectione
2043 2900 2123 2974 per·

398 2974 591 3069 „tractet”

498 3077 668 3149 Notarius
697 3087 834 3169 summ,
862 3075 924 3172 qui
951 3101 1027 3147 eam
1052 3072 1307 3171 publicaverit,
1343 3072 1478 3148 scribat
1503 3099 1579 3147 eam
1606 3077 1643 3146 iu
1668 3076 1783 3173 prima
1809 3102 1963 3166 persona
1990 3090 2026 3150 et
2053 3103 2124 3150 non

347 3201 380 3252 25
398 3181 434 3250 in
460 3181 637 3271 tertia12).
690 3179 741 3250 Et
769 3177 961 3250 'concludat
986 3179 1023 3248 iu
1048 3177 1136 3248 line:
1181 3178 1287 3270 „Ego
1316 3180 1360 3248 Α.
1387 3179 1544 3249 notandus
1575 3178 1675 3250 buius
1708 3181 1903 3252 sententiae
1936 3179 2125 3279 prolationi

381 3275 589 3376 '„intert'ui,
630 3290 666 3352 et
691 3279 735 3352 de
757 3280 922 3352 mandato
950 3280 1035 3352 dicti
1059 3278 1193 3352 domini
1222 3279 1380 3377 episcopi
1406 3281 1534 3378 scripsi
1564 3291 1599 3353 ct
1625 3281 1662 3351 iu
1688 3278 1867 3378 publicam
1892 3283 2042 3356 formam
2068 3308 2124 3358 rc·

425 3383 505 3455 deri
531 3381 624 3456 etc.”

397 3434 423 3479 '²
470 3415 538 3557 bln
568 3481 783 3582 quibusdam
812 3495 930 3557 autem
956 3482 1047 3554 locis
1082 3482 1126 3554 ad
1161 3483 1328 3554 maiorem
1361 3484 1534 3556 cautelam
1563 3485 1753 3582 episcopus
1789 3487 1890 3584 ponit
1917 3488 1954 3557 in
1979 3486 2051 3560 line
2074 3489 2122 3560 si·

396 3587 527 3682 gillam·
552 3611 676 3677 suum,
719 3598 755 3658 ct
787 3588 864 3684 ipse
897 3587 1042 3685 propria
1078 3609 1184 3656 manu
1225 3610 1304 3655 cum
1345 3585 1556 3683 quibusdam
1600 3587 1778 3660 canonicis
1811 3591 1884 3658 suis
1919 3587 2122 3663 subscribit.

347 3703 380 3756 3⁰
398 3691 502 3780 Quod
529 3688 615 3760 mibi
640 3714 712 3761 non
738 3685 874 3786 placet,
918 3713 994 3760 cum
1019 3711 1092 3758 nou
1118 3688 1166 3758 sit
1191 3691 1444 3781 necessarium,
1483 3713 1559 3761 cum
1594 3691 1766 3762 sententia
1799 3715 1863 3786 per
1888 3717 2029 3762 manum
2056 3717 2122 3791 pu·

395 3790 524 3865 blicam
550 3788 752 3990 robpratur.
806 3791 937 3865 Posset
961 3803 1078 3861 tameo
1100 3787 1169 3862 boc
1196 3788 1312 3861 locum
1338 3789 1471 3863 babere
1496 3793 1532 3862 in
1557 3789 1743 3888 partibus,
1773 3789 1835 3863 ubi
1861 3819 1935 3866 nou
1959 3804 2045 3866 suut
2070 3806 2122 3867 ta·

395 3891 566 3967 belliones
584 3893 645 3964 ¹³·

496 3995 533 4067 Si
559 4020 644 4067 vero
672 3995 738 4067 erit
763 4004 881 4067 actum
908 3993 953 4068 ad
980 3992 1190 4085 divortium,
1220 3994 1395 4066 sententia
1421 3991 1489 4066 boc
1514 3994 1621 4068 modo
1649 3995 1850 4068 sumunda:
1884 3999 1955 4090 „lu
1979 3999 2121 4072 nomine

396 4097 576 4191 „Domini
603 4100 729 4168 Amen.
781 4098 858 4170 Nos
883 4098 945 4188 P.,
972 4097 1038 4170 liei
1062 4095 1173 4188 gratia
1200 4097 1368 4167 Aretiuus
1396 4098 1604 4192 episcopus,
1626 4102 1711 4170 etc.”
1739 4109 1779 4171 ut
1805 4123 1924 4197 supra.
1953 4140 2003 4156 ··-
2030 4127 2120 4199 salte·

347 4221 379 4275 ³5
397 4198 526 4293 „tebat
556 4198 728 4296 siquidem
756 4201 810 4272 lo.
851 4199 1129 4289 matrimonium,
1175 4197 1273 4295 quod
1303 4221 1383 4270 esse
1415 4195 1599 4272 videbatur
1629 4201 1723 4272 iuter
1756 4226 1836 4275 eum
1862 4212 1898 4273 ct
1923 4203 1965 4273 B.
1996 4203 2119 4276 mulie·

397 4326 519 4394 „rcm‚
545 4299 680 4375 nullum
707 4302 927 4398 pronuntiari
956 4313 992 4372 et
1018 4325 1175 4392 cassum,
1212 4325 1289 4372 cum
1315 4300 1360 4371 de
1388 4301 1464 4374 iure
1491 4303 1656 4374 sustineri
1683 4329 1754 4374 non
1781 4315 1902 4401 potest
1929 4305 2021 4377 inter
2046 4331 2120 4400 eos,

397 4414 551 4502 „quarto
580 4405 892 4495 consanguinitatis
920 4403 1032 4496 gradu
1059 4400 1292 4500 impediente,
1333 4413 1479 4499 petens,
1522 4402 1592 4475 sibi
1624 4403 1800 4478 licentiam
1830 4404 1908 4477 dari
1938 4433 2019 4482 cum
2052 4405 2119 4480 alia

395 4503 671 4602 „contrabendi3
696 4503 757 4576 lite
782 4506 890 4599 igitur
916 4531 1034 4580 coram
1063 4503 1165 4577 nobis
1194 4505 1287 4576 inter
1312 4529 1373 4578 eos
1392 4504 1547 4598 legitime
1573 4518 1771 4580 contestata
1797 4508 1889 4581 etc.”

435 4860 476 4938 6)
520 4877 590 4944 urg.
609 4860 702 4926 verb.
723 4858 782 4926 nR.
808 4859 996 4940 seniorem,
1026 4859 1234 4925 sententiam
1336 4859 1393 4943 10)
1438 4865 1473 4926 B.
1496 4865 1635 4926 mulinis
1651 4841 1824 4946 productis.
1857 4897 1898 4912 -
1928 4886 1970 4930 ex
1990 4863 2119 4933 mulieri

393 4983 488 5028 ocum
503 4962 658 5028 instantia
671 4961 922 5048 postulantem.”
936 4961 1048 5026 binos.
1063 4967 1095 5027 3.
1296 4963 1541 5046 „pproductis”
1557 4965 1853 5049 (comproductis.)

436 5065 486 5146 7)·
517 5061 570 5129 Cf.
588 5067 698 5128 Toncr.
714 5083 791 5149 pag.
807 5063 1055 5130 conversat).
1072 5071 1192 5151 etseq.
1333 5066 1390 5148 ll)
1429 5071 1639 5148 prudentium.
1656 5099 1698 5113 -
1714 5067 1751 5129 B.
1768 5067 1993 5152 „prudentis-‘⁹

434 5165 473 5248 8)
515 5164 823 5248 episcopocum.
1333 5168 1390 5250 12)
1434 5165 1488 5231 Cf'
1500 5175 1585 5249 part.
1604 5166 1632 5230 1.
1649 5167 1695 5232 tit.
1706 5168 1737 5234 5.
1753 5166 1823 5233 inf.
1900 5189 1905 5198 ·
1984 5163 1989 5175 ’

359 5283 375 5334 a
435 5268 473 5355 9)
515 5265 757 5353 B.add.‘„q,.”
1332 5269 1391 5352 13)
1436 5266 1487 5334 Cf.
1502 5289 1579 5354 pag.
1594 5267 1668 5334 347.
1682 5281 1771 5336 vers.
1787 5268 1841 5336 23.
