<?xml version="1.0" encoding="UTF-8"?>
<!DOCTYPE html PUBLIC "-//W3C//DTD XHTML 1.0 Transitional//EN"
    "http://www.w3.org/TR/xhtml1/DTD/xhtml1-transitional.dtd">
<html xmlns="http://www.w3.org/1999/xhtml" xml:lang="en" lang="en">
 <head>
  <title>
</title>
<meta http-equiv="Content-Type" content="text/html;charset=utf-8" />
  <meta name='ocr-system' content='tesseract 3.04.00' />
  <meta name='ocr-capabilities' content='ocr_page ocr_carea ocr_par ocr_line ocrx_word'/>
</head>
<body>
  <div class='ocr_page' id='page_1' title='image "./piliitancredigr00aretgoog_0369.png"; bbox 0 0 4782 5960; ppageno 0'>
   <div class='ocr_carea' id='block_1_1' title="bbox 404 545 1550 630">
    <p class='ocr_par' dir='ltr' id='par_1_1' title="bbox 404 545 1550 630">
     <span class='ocr_line' id='line_1_1' title="bbox 404 545 1550 630; baseline -0.01 0"><span class='ocrx_word' id='word_1_1' title='bbox 404 563 469 630; x_wconf 86' lang='grc'><strong>354</strong></span> <span class='ocrx_word' id='word_1_2' title='bbox 992 545 1126 621; x_wconf 80' lang='lat' dir='ltr'><strong>Gratiae</strong></span> <span class='ocrx_word' id='word_1_3' title='bbox 1142 555 1184 622; x_wconf 87' lang='lat' dir='ltr'><strong>dc</strong></span> <span class='ocrx_word' id='word_1_4' title='bbox 1199 553 1349 621; x_wconf 75' lang='lat' dir='ltr'><strong>indiciae.</strong></span> <span class='ocrx_word' id='word_1_5' title='bbox 1365 555 1437 623; x_wconf 87' lang='lat' dir='ltr'><strong>ord.</strong></span> <span class='ocrx_word' id='word_1_6' title='bbox 1466 554 1505 619; x_wconf 89' lang='lat' dir='ltr'><strong>P.</strong></span> <span class='ocrx_word' id='word_1_7' title='bbox 1520 552 1550 618; x_wconf 89' lang='lat'><strong>1.</strong></span> 
     </span>
    </p>
   </div>
   <div class='ocr_carea' id='block_1_2' title="bbox 327 731 2235 3810">
    <p class='ocr_par' dir='ltr' id='par_1_2' title="bbox 327 731 2196 1948">
     <span class='ocr_line' id='line_1_2' title="bbox 408 731 2135 854; baseline -0.006 -28"><span class='ocrx_word' id='word_1_8' title='bbox 408 742 554 854; x_wconf 76' lang='lat' dir='ltr'><strong>me065)</strong></span> <span class='ocrx_word' id='word_1_9' title='bbox 589 751 810 842; x_wconf 86' lang='lat' dir='ltr'><strong>adversario,</strong></span> <span class='ocrx_word' id='word_1_10' title='bbox 848 748 907 820; x_wconf 77' lang='lat' dir='ltr'><strong>vel</strong></span> <span class='ocrx_word' id='word_1_11' title='bbox 939 747 1007 818; x_wconf 85' lang='lat' dir='ltr'><strong>luit</strong></span> <span class='ocrx_word' id='word_1_12' title='bbox 1038 757 1155 818; x_wconf 87' lang='lat' dir='ltr'><strong>tecum</strong></span> <span class='ocrx_word' id='word_1_13' title='bbox 1190 745 1235 816; x_wconf 89' lang='lat' dir='ltr'><strong>ad</strong></span> <span class='ocrx_word' id='word_1_14' title='bbox 1263 745 1317 818; x_wconf 85' lang='lat' dir='ltr'><strong>st.</strong></span> <span class='ocrx_word' id='word_1_15' title='bbox 1344 741 1532 835; x_wconf 87' lang='lat' dir='ltr'><strong>Iacobum,</strong></span> <span class='ocrx_word' id='word_1_16' title='bbox 1572 731 1628 814; x_wconf 86' lang='lat' dir='ltr'><strong>vel</strong></span> <span class='ocrx_word' id='word_1_17' title='bbox 1663 735 1746 841; x_wconf 81' lang='lat' dir='ltr'><strong>qnia</strong></span> <span class='ocrx_word' id='word_1_18' title='bbox 1779 754 1856 814; x_wconf 90' lang='lat' dir='ltr'><strong>erat</strong></span> <span class='ocrx_word' id='word_1_19' title='bbox 1890 741 2063 815; x_wconf 86' lang='lat' dir='ltr'><strong>scholaris</strong></span> <span class='ocrx_word' id='word_1_20' title='bbox 2098 755 2135 818; x_wconf 88' lang='lat' dir='ltr'><strong>et</strong></span> 
     </span>
     <span class='ocr_line' id='line_1_3' title="bbox 355 844 2133 943; baseline -0.005 -16"><span class='ocrx_word' id='word_1_21' title='bbox 355 861 356 866; x_wconf 71' lang='grc'>’</span> <span class='ocrx_word' id='word_1_22' title='bbox 407 853 565 926; x_wconf 78' lang='lat' dir='ltr'><strong>intrabas</strong></span> <span class='ocrx_word' id='word_1_23' title='bbox 592 853 733 925; x_wconf 86' lang='lat' dir='ltr'><strong>scholas</strong></span> <span class='ocrx_word' id='word_1_24' title='bbox 761 878 840 924; x_wconf 90' lang='lat' dir='ltr'><strong>enm</strong></span> <span class='ocrx_word' id='word_1_25' title='bbox 869 877 932 943; x_wconf 87' lang='lat' dir='ltr'><strong>eo,</strong></span> <span class='ocrx_word' id='word_1_26' title='bbox 968 849 1071 921; x_wconf 83' lang='lat' dir='ltr'><strong>index</strong></span> <span class='ocrx_word' id='word_1_27' title='bbox 1096 873 1167 920; x_wconf 90' lang='lat' dir='ltr'><strong>oon</strong></span> <span class='ocrx_word' id='word_1_28' title='bbox 1194 848 1356 919; x_wconf 87' lang='lat' dir='ltr'><strong>admittat</strong></span> <span class='ocrx_word' id='word_1_29' title='bbox 1382 871 1478 938; x_wconf 90' lang='lat' dir='ltr'><strong>eam,</strong></span> <span class='ocrx_word' id='word_1_30' title='bbox 1507 844 1571 917; x_wconf 89' lang='lat' dir='ltr'><strong>sed</strong></span> <span class='ocrx_word' id='word_1_31' title='bbox 1597 845 1788 943; x_wconf 88' lang='lat' dir='ltr'><strong>procedat,</strong></span> <span class='ocrx_word' id='word_1_32' title='bbox 1823 855 1863 915; x_wconf 91' lang='lat' dir='ltr'><strong>ut</strong></span> <span class='ocrx_word' id='word_1_33' title='bbox 1889 844 1976 917; x_wconf 90' lang='lat' dir='ltr'><strong>dicit</strong></span> <span class='ocrx_word' id='word_1_34' title='bbox 2001 846 2133 918; x_wconf 85' lang='lat' dir='ltr'><strong>decret.</strong></span> 
     </span>
     <span class='ocr_line' id='line_1_4' title="bbox 406 943 2135 1056; baseline -0.003 -29"><span class='ocrx_word' id='word_1_35' title='bbox 406 955 607 1056; x_wconf 88' lang='lat' dir='ltr'><strong>pastoralis.</strong></span> <span class='ocrx_word' id='word_1_36' title='bbox 625 953 687 1026; x_wconf 80' lang='lat'><strong>55.</strong></span> <span class='ocrx_word' id='word_1_37' title='bbox 713 958 811 1051; x_wconf 88' lang='lat' dir='ltr'><strong>(pr.)</strong></span> <span class='ocrx_word' id='word_1_38' title='bbox 843 952 888 1024; x_wconf 92' lang='lat' dir='ltr'><strong>de</strong></span> <span class='ocrx_word' id='word_1_39' title='bbox 923 947 1183 1052; x_wconf 67' lang='grc' dir='ltr'><strong>ερῃε11.2,38.</strong></span> <span class='ocrx_word' id='word_1_40' title='bbox 1218 961 1255 1022; x_wconf 89' lang='lat' dir='ltr'><strong>et</strong></span> <span class='ocrx_word' id='word_1_41' title='bbox 1286 950 1331 1021; x_wconf 90' lang='lat' dir='ltr'><strong>de</strong></span> <span class='ocrx_word' id='word_1_42' title='bbox 1361 945 1486 1041; x_wconf 53' lang='lat' dir='ltr'><strong>iuda,</strong></span> <span class='ocrx_word' id='word_1_43' title='bbox 1506 945 1539 1020; x_wconf 92' lang='grc'><strong>1.</strong></span> <span class='ocrx_word' id='word_1_44' title='bbox 1567 974 1596 1019; x_wconf 88' lang='lat' dir='ltr'><strong>e.</strong></span> <span class='ocrx_word' id='word_1_45' title='bbox 1627 947 1788 1046; x_wconf 90' lang='lat' dir='ltr'><strong>qualiter.</strong></span> <span class='ocrx_word' id='word_1_46' title='bbox 1804 943 1884 1039; x_wconf 86' lang='grc'><strong>17.,</strong></span> <span class='ocrx_word' id='word_1_47' title='bbox 1931 959 1968 1019; x_wconf 89' lang='lat' dir='ltr'><strong>et</strong></span> <span class='ocrx_word' id='word_1_48' title='bbox 1993 949 2025 1019; x_wconf 86' lang='lat' dir='ltr'><strong>si</strong></span> <span class='ocrx_word' id='word_1_49' title='bbox 2051 974 2135 1021; x_wconf 90' lang='lat' dir='ltr'><strong>reus</strong></span> 
     </span>
     <span class='ocr_line' id='line_1_5' title="bbox 408 1048 2134 1157; baseline -0.005 -26"><span class='ocrx_word' id='word_1_50' title='bbox 408 1058 658 1157; x_wconf 78' lang='lat' dir='ltr'>appellaverit,</span> <span class='ocrx_word' id='word_1_51' title='bbox 694 1058 805 1129; x_wconf 59' lang='lat' dir='ltr'><strong>iudex⁴</strong></span> <span class='ocrx_word' id='word_1_52' title='bbox 826 1055 1048 1126; x_wconf 88' lang='lat' dir='ltr'><strong>nihilominus</strong></span> <span class='ocrx_word' id='word_1_53' title='bbox 1074 1052 1255 1150; x_wconf 86' lang='lat' dir='ltr'><strong>procedat.</strong></span> <span class='ocrx_word' id='word_1_54' title='bbox 1283 1064 1323 1124; x_wconf 91' lang='lat' dir='ltr'><strong>ut</strong></span> <span class='ocrx_word' id='word_1_55' title='bbox 1350 1052 1385 1122; x_wconf 92' lang='lat' dir='ltr'><strong>in</strong></span> <span class='ocrx_word' id='word_1_56' title='bbox 1417 1052 1548 1122; x_wconf 78' lang='lat' dir='ltr'><strong>decret.</strong></span> <span class='ocrx_word' id='word_1_57' title='bbox 1574 1050 1773 1148; x_wconf 89' lang='lat' dir='ltr'><strong>pastoralis.</strong></span> <span class='ocrx_word' id='word_1_58' title='bbox 1798 1059 1834 1122; x_wconf 86' lang='lat' dir='ltr'><strong>et</strong></span> <span class='ocrx_word' id='word_1_59' title='bbox 1861 1075 1892 1122; x_wconf 90' lang='lat' dir='ltr'><strong>e.</strong></span> <span class='ocrx_word' id='word_1_60' title='bbox 1917 1062 1957 1122; x_wconf 91' lang='lat' dir='ltr'><strong>ut</strong></span> <span class='ocrx_word' id='word_1_61' title='bbox 1982 1048 2134 1151; x_wconf 85' lang='lat' dir='ltr'><strong>debitus.</strong></span> 
     </span>
     <span class='ocr_line' id='line_1_6' title="bbox 798 1158 812 1209; baseline 0 0"><span class='ocrx_word' id='word_1_62' title='bbox 798 1158 812 1209; x_wconf 86' lang='grc'><strong>6</strong></span> 
     </span>
     <span class='ocr_line' id='line_1_7' title="bbox 327 1149 2137 1370; baseline -0.003 -39"><span class='ocrx_word' id='word_1_63' title='bbox 327 1157 551 1370; x_wconf 42' lang='lat' dir='ltr'><strong>§.longi</strong></span> <span class='ocrx_word' id='word_1_64' title='bbox 569 1156 637 1333; x_wconf 60' lang='lat' dir='ltr'><strong>2{i</strong></span> <span class='ocrx_word' id='word_1_65' title='bbox 659 1157 783 1332; x_wconf 56' lang='lat' dir='ltr'><strong>inlidi</strong></span> <span class='ocrx_word' id='word_1_66' title='bbox 807 1149 890 1334; x_wconf 67' lang='lat' dir='ltr'><strong>lius</strong></span> <span class='ocrx_word' id='word_1_67' title='bbox 918 1284 990 1331; x_wconf 93' lang='lat' dir='ltr'><strong>non</strong></span> <span class='ocrx_word' id='word_1_68' title='bbox 1023 1267 1145 1355; x_wconf 90' lang='lat' dir='ltr'><strong>potest</strong></span> <span class='ocrx_word' id='word_1_69' title='bbox 1178 1280 1344 1328; x_wconf 87' lang='lat' dir='ltr'><strong>recusare</strong></span> <span class='ocrx_word' id='word_1_70' title='bbox 1378 1252 1548 1347; x_wconf 90' lang='lat' dir='ltr'><strong>iudicem,</strong></span> <span class='ocrx_word' id='word_1_71' title='bbox 1591 1269 1768 1352; x_wconf 77' lang='lat' dir='ltr'><strong>proponat</strong></span> <span class='ocrx_word' id='word_1_72' title='bbox 1799 1253 1886 1327; x_wconf 90' lang='lat' dir='ltr'><strong>alias</strong></span> <span class='ocrx_word' id='word_1_73' title='bbox 1912 1256 2137 1351; x_wconf 83' lang='lat' dir='ltr'>exceptiones</span> 
     </span>
     <span class='ocr_line' id='line_1_8' title="bbox 410 1354 2138 1461; baseline -0.005 -25"><span class='ocrx_word' id='word_1_74' title='bbox 410 1363 478 1436; x_wconf 85' lang='lat' dir='ltr'><strong>sibi</strong></span> <span class='ocrx_word' id='word_1_75' title='bbox 505 1375 766 1461; x_wconf 89' lang='lat' dir='ltr'><strong>competentes,</strong></span> <span class='ocrx_word' id='word_1_76' title='bbox 809 1364 843 1432; x_wconf 91' lang='lat' dir='ltr'><strong>io</strong></span> <span class='ocrx_word' id='word_1_77' title='bbox 870 1361 936 1433; x_wconf 87' lang='lat' dir='ltr'><strong>hae</strong></span> <span class='ocrx_word' id='word_1_78' title='bbox 962 1361 1098 1432; x_wconf 83' lang='lat' dir='ltr'><strong>l’orma:</strong></span> <span class='ocrx_word' id='word_1_79' title='bbox 1147 1359 1304 1450; x_wconf 89' lang='lat' dir='ltr'><strong>„Coram</strong></span> <span class='ocrx_word' id='word_1_80' title='bbox 1331 1355 1461 1450; x_wconf 86' lang='lat' dir='ltr'><strong>vobis,</strong></span> <span class='ocrx_word' id='word_1_81' title='bbox 1502 1357 1644 1428; x_wconf 90' lang='lat' dir='ltr'><strong>domino</strong></span> <span class='ocrx_word' id='word_1_82' title='bbox 1672 1360 1733 1450; x_wconf 90' lang='lat' dir='ltr'><strong>G.,</strong></span> <span class='ocrx_word' id='word_1_83' title='bbox 1776 1354 1887 1429; x_wconf 90' lang='lat' dir='ltr'><strong>indice</strong></span> <span class='ocrx_word' id='word_1_84' title='bbox 1913 1356 2075 1450; x_wconf 82' lang='lat' dir='ltr'><strong>delegato</strong></span> <span class='ocrx_word' id='word_1_85' title='bbox 2102 1359 2138 1428; x_wconf 93' lang='lat' dir='ltr'><strong>in</strong></span> 
     </span>
     <span class='ocr_line' id='line_1_9' title="bbox 411 1457 2196 1563; baseline -0.005 -25"><span class='ocrx_word' id='word_1_86' title='bbox 411 1491 543 1560; x_wconf 89' lang='lat' dir='ltr'><strong>„eausa</strong></span> <span class='ocrx_word' id='word_1_87' title='bbox 570 1467 723 1563; x_wconf 65' lang='lat' dir='ltr'><strong>etalii),</strong></span> <span class='ocrx_word' id='word_1_88' title='bbox 751 1467 990 1561; x_wconf 80' lang='lat' dir='ltr'>exceptionem</span> <span class='ocrx_word' id='word_1_89' title='bbox 1018 1486 1184 1560; x_wconf 81' lang='lat' dir='ltr'><strong>propono</strong></span> <span class='ocrx_word' id='word_1_90' title='bbox 1214 1486 1280 1553; x_wconf 80' lang='lat' dir='ltr'><strong>ego</strong></span> <span class='ocrx_word' id='word_1_91' title='bbox 1303 1460 1364 1552; x_wconf 89' lang='lat' dir='ltr'><strong>P.,</strong></span> <span class='ocrx_word' id='word_1_92' title='bbox 1391 1458 1490 1556; x_wconf 89' lang='lat' dir='ltr'><strong>qnod</strong></span> <span class='ocrx_word' id='word_1_93' title='bbox 1515 1459 1639 1530; x_wconf 92' lang='lat' dir='ltr'><strong>literae</strong></span> <span class='ocrx_word' id='word_1_94' title='bbox 1665 1460 1871 1558; x_wconf 75' lang='lat' dir='ltr'><strong>impetratae</strong></span> <span class='ocrx_word' id='word_1_95' title='bbox 1897 1484 1961 1556; x_wconf 90' lang='lat' dir='ltr'><strong>per</strong></span> <span class='ocrx_word' id='word_1_96' title='bbox 1986 1457 2136 1558; x_wconf 60' lang='lat' dir='ltr'><strong>presby·</strong></span> <span class='ocrx_word' id='word_1_97' title='bbox 2188 1525 2196 1536; x_wconf 82' lang='grc'><strong>,</strong></span> 
     </span>
     <span class='ocr_line' id='line_1_10' title="bbox 410 1560 2135 1663; baseline -0.005 -23"><span class='ocrx_word' id='word_1_98' title='bbox 410 1583 552 1663; x_wconf 87' lang='lat' dir='ltr'><strong>„terum</strong></span> <span class='ocrx_word' id='word_1_99' title='bbox 579 1570 622 1639; x_wconf 98' lang='grc' dir='ltr'><strong>Β.</strong></span> <span class='ocrx_word' id='word_1_100' title='bbox 644 1568 688 1640; x_wconf 88' lang='lat' dir='ltr'><strong>ad</strong></span> <span class='ocrx_word' id='word_1_101' title='bbox 717 1593 781 1640; x_wconf 87' lang='lat' dir='ltr'><strong>vos</strong></span> <span class='ocrx_word' id='word_1_102' title='bbox 811 1591 882 1637; x_wconf 93' lang='lat' dir='ltr'><strong>non</strong></span> <span class='ocrx_word' id='word_1_103' title='bbox 908 1567 1048 1658; x_wconf 86' lang='lat' dir='ltr'><strong>valent,</strong></span> <span class='ocrx_word' id='word_1_104' title='bbox 1084 1564 1164 1662; x_wconf 87' lang='lat' dir='ltr'><strong>quia</strong></span> <span class='ocrx_word' id='word_1_105' title='bbox 1191 1575 1273 1633; x_wconf 86' lang='lat' dir='ltr'><strong>sunt</strong></span> <span class='ocrx_word' id='word_1_106' title='bbox 1301 1563 1510 1658; x_wconf 88' lang='lat' dir='ltr'><strong>impetratae</strong></span> <span class='ocrx_word' id='word_1_107' title='bbox 1537 1560 1583 1631; x_wconf 91' lang='lat' dir='ltr'><strong>ab</strong></span> <span class='ocrx_word' id='word_1_108' title='bbox 1610 1564 1929 1655; x_wconf 82' lang='lat' dir='ltr'><strong>excommunicat03</strong></span> <span class='ocrx_word' id='word_1_109' title='bbox 1954 1601 2002 1614; x_wconf 89' lang='lat'><strong>-—</strong></span> <span class='ocrx_word' id='word_1_110' title='bbox 2039 1566 2135 1654; x_wconf 89' lang='lat' dir='ltr'><strong>item,</strong></span> 
     </span>
     <span class='ocr_line' id='line_1_11' title="bbox 363 1662 2137 1768; baseline -0.006 -22"><span class='ocrx_word' id='word_1_111' title='bbox 363 1697 394 1746; x_wconf 88' lang='grc' dir='ltr'><strong>ιο</strong></span> <span class='ocrx_word' id='word_1_112' title='bbox 413 1672 524 1768; x_wconf 88' lang='lat' dir='ltr'><strong>„quia</strong></span> <span class='ocrx_word' id='word_1_113' title='bbox 551 1695 621 1741; x_wconf 92' lang='lat' dir='ltr'><strong>non</strong></span> <span class='ocrx_word' id='word_1_114' title='bbox 646 1671 729 1742; x_wconf 82' lang='lat' dir='ltr'><strong>fecit</strong></span> <span class='ocrx_word' id='word_1_115' title='bbox 758 1671 968 1740; x_wconf 85' lang='lat' dir='ltr'><strong>mentionem</strong></span> <span class='ocrx_word' id='word_1_116' title='bbox 999 1667 1043 1738; x_wconf 93' lang='lat' dir='ltr'><strong>de</strong></span> <span class='ocrx_word' id='word_1_117' title='bbox 1079 1690 1248 1762; x_wconf 87' lang='lat' dir='ltr'><strong>processu</strong></span> <span class='ocrx_word' id='word_1_118' title='bbox 1283 1662 1405 1736; x_wconf 82' lang='lat' dir='ltr'><strong>lrabito</strong></span> <span class='ocrx_word' id='word_1_119' title='bbox 1440 1689 1557 1736; x_wconf 89' lang='lat' dir='ltr'><strong>eoram</strong></span> <span class='ocrx_word' id='word_1_120' title='bbox 1588 1663 1764 1736; x_wconf 88' lang='lat' dir='ltr'><strong>ordinarie</strong></span> <span class='ocrx_word' id='word_1_121' title='bbox 1797 1662 1998 1761; x_wconf 85' lang='lat' dir='ltr'><strong>superbae</strong></span> <span class='ocrx_word' id='word_1_122' title='bbox 2026 1689 2137 1757; x_wconf 81' lang='lat' dir='ltr'><strong>nego·</strong></span> 
     </span>
     <span class='ocr_line' id='line_1_12' title="bbox 409 1765 2135 1868; baseline -0.004 -24"><span class='ocrx_word' id='word_1_123' title='bbox 409 1777 507 1866; x_wconf 86' lang='lat' dir='ltr'><strong>„tio;</strong></span> <span class='ocrx_word' id='word_1_124' title='bbox 533 1813 583 1826; x_wconf 91' lang='lat'><strong>--</strong></span> <span class='ocrx_word' id='word_1_125' title='bbox 608 1775 691 1844; x_wconf 90' lang='lat' dir='ltr'><strong>item</strong></span> <span class='ocrx_word' id='word_1_126' title='bbox 719 1797 791 1844; x_wconf 91' lang='lat' dir='ltr'><strong>non</strong></span> <span class='ocrx_word' id='word_1_127' title='bbox 819 1782 939 1868; x_wconf 90' lang='lat' dir='ltr'><strong>potest</strong></span> <span class='ocrx_word' id='word_1_128' title='bbox 964 1781 1061 1840; x_wconf 86' lang='lat' dir='ltr'><strong>stare·</strong></span> <span class='ocrx_word' id='word_1_129' title='bbox 1088 1771 1123 1838; x_wconf 93' lang='lat' dir='ltr'><strong>in</strong></span> <span class='ocrx_word' id='word_1_130' title='bbox 1150 1766 1295 1858; x_wconf 89' lang='lat' dir='ltr'><strong>indicio,</strong></span> <span class='ocrx_word' id='word_1_131' title='bbox 1337 1767 1416 1864; x_wconf 92' lang='lat' dir='ltr'><strong>quia</strong></span> <span class='ocrx_word' id='word_1_132' title='bbox 1453 1767 1575 1836; x_wconf 87' lang='lat' dir='ltr'><strong>maiori</strong></span> <span class='ocrx_word' id='word_1_133' title='bbox 1607 1765 1979 1840; x_wconf 81' lang='lat' dir='ltr'><strong>excommunicatione</strong></span> <span class='ocrx_word' id='word_1_134' title='bbox 2000 1766 2135 1860; x_wconf 78' lang='lat' dir='ltr'><strong>ligatos</strong></span> 
     </span>
     <span class='ocr_line' id='line_1_13' title="bbox 440 1874 741 1948; baseline 0.007 -23"><span class='ocrx_word' id='word_1_135' title='bbox 440 1885 497 1948; x_wconf 68' lang='lat' dir='ltr'><strong>est</strong></span> <span class='ocrx_word' id='word_1_136' title='bbox 512 1874 546 1925; x_wconf 77' lang='grc'><strong>68</strong></span> <span class='ocrx_word' id='word_1_137' title='bbox 567 1878 595 1944; x_wconf 55' lang='grc'><strong>,77</strong></span> <span class='ocrx_word' id='word_1_138' title='bbox 737 1919 741 1927; x_wconf 88' lang='grc'><em>,</em></span> 
     </span>
    </p>

    <p class='ocr_par' dir='ltr' id='par_1_3' title="bbox 365 1873 2235 2376">
     <span class='ocr_line' id='line_1_14' title="bbox 411 1873 2136 2072; baseline -0.002 -26"><span class='ocrx_word' id='word_1_139' title='bbox 411 1927 436 2046; x_wconf 60' lang='lat' dir='ltr'><strong>’l</strong></span> <span class='ocrx_word' id='word_1_140' title='bbox 512 1873 565 2049; x_wconf 75' lang='lat' dir='ltr'><strong>Ei</strong></span> <span class='ocrx_word' id='word_1_141' title='bbox 582 1974 646 2048; x_wconf 85' lang='lat' dir='ltr'><strong>lras</strong></span> <span class='ocrx_word' id='word_1_142' title='bbox 673 1976 907 2072; x_wconf 39' lang='lat' dir='ltr'><strong>exceptiones.</strong></span> <span class='ocrx_word' id='word_1_143' title='bbox 922 1974 1128 2045; x_wconf 76' lang='lat' dir='ltr'><strong>alternative</strong></span> <span class='ocrx_word' id='word_1_144' title='bbox 1156 1982 1346 2068; x_wconf 87' lang='lat' dir='ltr'><strong>proponat,</strong></span> <span class='ocrx_word' id='word_1_145' title='bbox 1377 1981 1416 2040; x_wconf 88' lang='lat' dir='ltr'><strong>nt</strong></span> <span class='ocrx_word' id='word_1_146' title='bbox 1440 1995 1508 2040; x_wconf 91' lang='lat' dir='ltr'><strong>una</strong></span> <span class='ocrx_word' id='word_1_147' title='bbox 1532 1965 1678 2066; x_wconf 89' lang='lat' dir='ltr'><strong>probata</strong></span> <span class='ocrx_word' id='word_1_148' title='bbox 1706 1969 1749 2040; x_wconf 93' lang='lat' dir='ltr'><strong>ad</strong></span> <span class='ocrx_word' id='word_1_149' title='bbox 1774 1967 2022 2067; x_wconf 87' lang='lat' dir='ltr'><strong>probationem</strong></span> <span class='ocrx_word' id='word_1_150' title='bbox 2047 1967 2136 2042; x_wconf 86' lang='lat' dir='ltr'><strong>alte·</strong></span> 
     </span>
     <span class='ocr_line' id='line_1_15' title="bbox 410 2071 2139 2171; baseline -0.004 -21"><span class='ocrx_word' id='word_1_151' title='bbox 410 2081 484 2150; x_wconf 85' lang='lat' dir='ltr'><strong>rins</strong></span> <span class='ocrx_word' id='word_1_152' title='bbox 504 2104 576 2149; x_wconf 93' lang='lat' dir='ltr'><strong>non</strong></span> <span class='ocrx_word' id='word_1_153' title='bbox 598 2079 860 2170; x_wconf 83' lang='lat' dir='ltr'><strong>constringatur</strong></span> <span class='ocrx_word' id='word_1_154' title='bbox 877 2077 937 2167; x_wconf 75' lang='lat'><strong>⁶⁹).</strong></span> <span class='ocrx_word' id='word_1_155' title='bbox 990 2077 1037 2147; x_wconf 86' lang='lat' dir='ltr'><strong>Et</strong></span> <span class='ocrx_word' id='word_1_156' title='bbox 1052 2085 1202 2171; x_wconf 87' lang='lat' dir='ltr'><strong>propter</strong></span> <span class='ocrx_word' id='word_1_157' title='bbox 1220 2072 1378 2144; x_wconf 89' lang='lat' dir='ltr'><strong>nltimam</strong></span> <span class='ocrx_word' id='word_1_158' title='bbox 1392 2075 1494 2142; x_wconf 87' lang='lat' dir='ltr'><strong>istam</strong></span> <span class='ocrx_word' id='word_1_159' title='bbox 1513 2072 1707 2144; x_wconf 88' lang='lat' dir='ltr'><strong>clausulam</strong></span> <span class='ocrx_word' id='word_1_160' title='bbox 1725 2099 1794 2144; x_wconf 92' lang='lat' dir='ltr'><strong>non</strong></span> <span class='ocrx_word' id='word_1_161' title='bbox 1812 2071 2038 2169; x_wconf 85' lang='lat' dir='ltr'><strong>compellitur</strong></span> <span class='ocrx_word' id='word_1_162' title='bbox 2055 2095 2139 2145; x_wconf 87' lang='lat' dir='ltr'><strong>reos</strong></span> 
     </span>
     <span class='ocr_line' id='line_1_16' title="bbox 365 2165 2235 2278; baseline 0 -30"><span class='ocrx_word' id='word_1_163' title='bbox 365 2179 567 2278; x_wconf 73' lang='lat' dir='ltr'><strong>reprobare</strong></span> <span class='ocrx_word' id='word_1_164' title='bbox 593 2204 714 2251; x_wconf 91' lang='lat' dir='ltr'><strong>omnes</strong></span> <span class='ocrx_word' id='word_1_165' title='bbox 742 2181 879 2277; x_wconf 86' lang='lat' dir='ltr'><strong>positas</strong></span> <span class='ocrx_word' id='word_1_166' title='bbox 905 2179 1147 2274; x_wconf 85' lang='lat' dir='ltr'><strong>exceptiones,</strong></span> <span class='ocrx_word' id='word_1_167' title='bbox 1171 2175 1337 2273; x_wconf 88' lang='lat' dir='ltr'><strong>qnoniam</strong></span> <span class='ocrx_word' id='word_1_168' title='bbox 1353 2165 1450 2277; x_wconf 71' lang='lat' dir='ltr'><strong>into)</strong></span> <span class='ocrx_word' id='word_1_169' title='bbox 1477 2174 1694 2246; x_wconf 88' lang='lat' dir='ltr'><strong>alternativis</strong></span> <span class='ocrx_word' id='word_1_170' title='bbox 1723 2176 1853 2247; x_wconf 84' lang='lat' dir='ltr'><strong>suffieit</strong></span> <span class='ocrx_word' id='word_1_171' title='bbox 1881 2175 2027 2246; x_wconf 89' lang='lat' dir='ltr'><strong>alteram</strong></span> <span class='ocrx_word' id='word_1_172' title='bbox 2053 2198 2137 2270; x_wconf 86' lang='lat' dir='ltr'><strong>pro·</strong></span> <span class='ocrx_word' id='word_1_173' title='bbox 2233 2267 2235 2270; x_wconf 15' lang='grc' dir='ltr'>Ι</span> 
     </span>
     <span class='ocr_line' id='line_1_17' title="bbox 413 2275 2137 2376; baseline -0.002 -22"><span class='ocrx_word' id='word_1_174' title='bbox 413 2283 510 2375; x_wconf 86' lang='lat' dir='ltr'><strong>bare,</strong></span> <span class='ocrx_word' id='word_1_175' title='bbox 537 2284 582 2353; x_wconf 86' lang='lat' dir='ltr'><strong>X.</strong></span> <span class='ocrx_word' id='word_1_176' title='bbox 610 2284 652 2354; x_wconf 88' lang='lat' dir='ltr'><strong>G.</strong></span> <span class='ocrx_word' id='word_1_177' title='bbox 677 2283 722 2352; x_wconf 92' lang='lat' dir='ltr'><strong>de</strong></span> <span class='ocrx_word' id='word_1_178' title='bbox 747 2278 902 2375; x_wconf 79' lang='lat' dir='ltr'><strong>resenl,</strong></span> <span class='ocrx_word' id='word_1_179' title='bbox 918 2277 954 2350; x_wconf 78' lang='lat'><strong>3.</strong></span> <span class='ocrx_word' id='word_1_180' title='bbox 981 2305 1011 2351; x_wconf 87' lang='lat' dir='ltr'><strong>c.</strong></span> <span class='ocrx_word' id='word_1_181' title='bbox 1034 2281 1125 2351; x_wconf 91' lang='lat' dir='ltr'><strong>inter</strong></span> <span class='ocrx_word' id='word_1_182' title='bbox 1153 2289 1299 2350; x_wconf 91' lang='lat' dir='ltr'><strong>ceteras.</strong></span> <span class='ocrx_word' id='word_1_183' title='bbox 1314 2275 1350 2348; x_wconf 77' lang='grc'><strong>1.</strong></span> <span class='ocrx_word' id='word_1_184' title='bbox 1370 2275 1439 2376; x_wconf 71' lang='grc'><strong>77))</strong></span> <span class='ocrx_word' id='word_1_185' title='bbox 1462 2279 1499 2347; x_wconf 90' lang='lat' dir='ltr'><strong>in</strong></span> <span class='ocrx_word' id='word_1_186' title='bbox 1525 2276 1735 2375; x_wconf 89' lang='lat' dir='ltr'><strong>copulativis</strong></span> <span class='ocrx_word' id='word_1_187' title='bbox 1765 2301 1881 2370; x_wconf 89' lang='lat' dir='ltr'><strong>secus,</strong></span> <span class='ocrx_word' id='word_1_188' title='bbox 1909 2288 1949 2350; x_wconf 89' lang='lat' dir='ltr'><strong>nt</strong></span> <span class='ocrx_word' id='word_1_189' title='bbox 1974 2279 2009 2347; x_wconf 93' lang='lat' dir='ltr'><strong>in</strong></span> <span class='ocrx_word' id='word_1_190' title='bbox 2036 2301 2137 2375; x_wconf 84' lang='lat' dir='ltr'><strong>prae·</strong></span> 
     </span>
    </p>

    <p class='ocr_par' dir='ltr' id='par_1_4' title="bbox 330 2375 2140 3498">
     <span class='ocr_line' id='line_1_18' title="bbox 414 2375 1902 2484; baseline -0.004 -28"><span class='ocrx_word' id='word_1_191' title='bbox 414 2386 518 2478; x_wconf 77' lang='lat' dir='ltr'><strong>alleg.</strong></span> <span class='ocrx_word' id='word_1_192' title='bbox 546 2411 575 2455; x_wconf 91' lang='lat' dir='ltr'><strong>e.</strong></span> <span class='ocrx_word' id='word_1_193' title='bbox 603 2409 646 2458; x_wconf 86' lang='lat' dir='ltr'><strong>ex</strong></span> <span class='ocrx_word' id='word_1_194' title='bbox 674 2395 774 2479; x_wconf 88' lang='lat' dir='ltr'><strong>parte</strong></span> <span class='ocrx_word' id='word_1_195' title='bbox 790 2375 855 2484; x_wconf 83' lang='lat'><strong>⁷²).</strong></span> <span class='ocrx_word' id='word_1_196' title='bbox 1897 2379 1902 2390; x_wconf 90' lang='grc'><strong>’</strong></span> 
     </span>
     <span class='ocr_line' id='line_1_19' title="bbox 330 2481 2136 2586; baseline -0.002 -29"><span class='ocrx_word' id='word_1_197' title='bbox 330 2483 409 2586; x_wconf 76' lang='grc'><strong>5.·5.</strong></span> <span class='ocrx_word' id='word_1_198' title='bbox 510 2485 546 2585; x_wconf 89' lang='grc'><strong>5.</strong></span> <span class='ocrx_word' id='word_1_199' title='bbox 598 2486 652 2558; x_wconf 90' lang='lat' dir='ltr'><strong>Sit</strong></span> <span class='ocrx_word' id='word_1_200' title='bbox 677 2486 782 2556; x_wconf 90' lang='lat' dir='ltr'><strong>iudex</strong></span> <span class='ocrx_word' id='word_1_201' title='bbox 809 2496 930 2557; x_wconf 88' lang='lat' dir='ltr'><strong>cautus</strong></span> <span class='ocrx_word' id='word_1_202' title='bbox 958 2493 993 2554; x_wconf 91' lang='lat' dir='ltr'><strong>et</strong></span> <span class='ocrx_word' id='word_1_203' title='bbox 1020 2481 1219 2554; x_wconf 90' lang='lat' dir='ltr'><strong>consideret</strong></span> <span class='ocrx_word' id='word_1_204' title='bbox 1247 2481 1496 2578; x_wconf 83' lang='lat' dir='ltr'><strong>exceptiones,</strong></span> <span class='ocrx_word' id='word_1_205' title='bbox 1537 2493 1654 2552; x_wconf 88' lang='lat' dir='ltr'><strong>utrum</strong></span> <span class='ocrx_word' id='word_1_206' title='bbox 1683 2483 1755 2554; x_wconf 90' lang='lat' dir='ltr'><strong>sint</strong></span> <span class='ocrx_word' id='word_1_207' title='bbox 1781 2481 1915 2554; x_wconf 86' lang='lat' dir='ltr'><strong>validae</strong></span> <span class='ocrx_word' id='word_1_208' title='bbox 1942 2481 1998 2553; x_wconf 85' lang='lat' dir='ltr'><strong>vel</strong></span> <span class='ocrx_word' id='word_1_209' title='bbox 2025 2481 2136 2554; x_wconf 87' lang='lat' dir='ltr'><strong>l&#39;rivo-</strong></span> 
     </span>
     <span class='ocr_line' id='line_1_20' title="bbox 413 2577 2139 2684; baseline -0.005 -22"><span class='ocrx_word' id='word_1_210' title='bbox 413 2591 479 2662; x_wconf 87' lang='lat' dir='ltr'><strong>lae.</strong></span> <span class='ocrx_word' id='word_1_211' title='bbox 532 2588 678 2660; x_wconf 89' lang='lat' dir='ltr'><strong>Validae</strong></span> <span class='ocrx_word' id='word_1_212' title='bbox 708 2598 807 2680; x_wconf 90' lang='lat' dir='ltr'><strong>sunt,</strong></span> <span class='ocrx_word' id='word_1_213' title='bbox 833 2611 926 2684; x_wconf 88' lang='lat' dir='ltr'><strong>qnae</strong></span> <span class='ocrx_word' id='word_1_214' title='bbox 953 2583 1084 2656; x_wconf 87' lang='lat' dir='ltr'><strong>lrabeat</strong></span> <span class='ocrx_word' id='word_1_215' title='bbox 1110 2582 1224 2657; x_wconf 88' lang='lat' dir='ltr'><strong>robur</strong></span> <span class='ocrx_word' id='word_1_216' title='bbox 1251 2607 1270 2654; x_wconf 88' lang='lat' dir='ltr'><strong>a</strong></span> <span class='ocrx_word' id='word_1_217' title='bbox 1297 2584 1392 2675; x_wconf 69' lang='lat' dir='ltr'><strong>inre,</strong></span> <span class='ocrx_word' id='word_1_218' title='bbox 1422 2583 1537 2680; x_wconf 86' lang='lat' dir='ltr'><strong>qualis</strong></span> <span class='ocrx_word' id='word_1_219' title='bbox 1566 2609 1605 2655; x_wconf 89' lang='lat' dir='ltr'><strong>ea</strong></span> <span class='ocrx_word' id='word_1_220' title='bbox 1632 2577 1685 2678; x_wconf 81' lang='lat'><strong>⁷³)</strong></span> <span class='ocrx_word' id='word_1_221' title='bbox 1714 2596 1785 2675; x_wconf 89' lang='lat' dir='ltr'><strong>est,</strong></span> <span class='ocrx_word' id='word_1_222' title='bbox 1812 2584 1934 2655; x_wconf 84' lang='lat' dir='ltr'><strong>literas</strong></span> <span class='ocrx_word' id='word_1_223' title='bbox 1960 2583 2039 2654; x_wconf 89' lang='lat' dir='ltr'><strong>illas</strong></span> <span class='ocrx_word' id='word_1_224' title='bbox 2066 2606 2139 2657; x_wconf 90' lang='lat' dir='ltr'><strong>non</strong></span> 
     </span>
     <span class='ocr_line' id='line_1_21' title="bbox 363 2683 2137 2789; baseline -0.006 -21"><span class='ocrx_word' id='word_1_225' title='bbox 363 2715 397 2769; x_wconf 76' lang='lat' dir='ltr'><strong>eo</strong></span> <span class='ocrx_word' id='word_1_226' title='bbox 415 2693 552 2784; x_wconf 86' lang='lat' dir='ltr'><strong>valere,</strong></span> <span class='ocrx_word' id='word_1_227' title='bbox 581 2714 672 2789; x_wconf 87' lang='lat' dir='ltr'><strong>quae</strong></span> <span class='ocrx_word' id='word_1_228' title='bbox 698 2700 780 2761; x_wconf 91' lang='lat' dir='ltr'><strong>sunt</strong></span> <span class='ocrx_word' id='word_1_229' title='bbox 806 2691 1011 2786; x_wconf 80' lang='lat' dir='ltr'><strong>impetratae</strong></span> <span class='ocrx_word' id='word_1_230' title='bbox 1039 2684 1085 2757; x_wconf 88' lang='lat' dir='ltr'><strong>ab</strong></span> <span class='ocrx_word' id='word_1_231' title='bbox 1111 2686 1426 2758; x_wconf 85' lang='lat' dir='ltr'><strong>excommunicato.</strong></span> <span class='ocrx_word' id='word_1_232' title='bbox 1462 2686 1508 2757; x_wconf 90' lang='grc' dir='ltr'><strong>Χ.</strong></span> <span class='ocrx_word' id='word_1_233' title='bbox 1535 2688 1578 2757; x_wconf 87' lang='lat' dir='ltr'><strong>G.</strong></span> <span class='ocrx_word' id='word_1_234' title='bbox 1606 2685 1650 2758; x_wconf 90' lang='lat' dir='ltr'><strong>de</strong></span> <span class='ocrx_word' id='word_1_235' title='bbox 1677 2712 1784 2758; x_wconf 88' lang='lat' dir='ltr'><strong>reser.</strong></span> <span class='ocrx_word' id='word_1_236' title='bbox 1802 2683 1838 2778; x_wconf 91' lang='lat' dir='ltr'><strong>l,</strong></span> <span class='ocrx_word' id='word_1_237' title='bbox 1854 2683 1891 2758; x_wconf 81' lang='grc'><strong>5.</strong></span> <span class='ocrx_word' id='word_1_238' title='bbox 1918 2713 1947 2758; x_wconf 89' lang='lat' dir='ltr'><strong>e.</strong></span> <span class='ocrx_word' id='word_1_239' title='bbox 1973 2685 2137 2758; x_wconf 87' lang='lat' dir='ltr'><strong>dilectus.</strong></span> 
     </span>
     <span class='ocr_line' id='line_1_22' title="bbox 412 2780 2139 2890; baseline -0.005 -24"><span class='ocrx_word' id='word_1_240' title='bbox 412 2793 539 2890; x_wconf 71' lang='grc'><strong>1674)</strong></span> <span class='ocrx_word' id='word_1_241' title='bbox 566 2819 595 2864; x_wconf 93' lang='lat' dir='ltr'><strong>e.</strong></span> <span class='ocrx_word' id='word_1_242' title='bbox 620 2807 646 2864; x_wconf 93' lang='lat' dir='ltr'><strong>t.</strong></span> <span class='ocrx_word' id='word_1_243' title='bbox 672 2817 702 2863; x_wconf 93' lang='lat' dir='ltr'><strong>e.</strong></span> <span class='ocrx_word' id='word_1_244' title='bbox 731 2790 776 2861; x_wconf 90' lang='lat' dir='ltr'><strong>ab</strong></span> <span class='ocrx_word' id='word_1_245' title='bbox 804 2790 1117 2863; x_wconf 87' lang='lat' dir='ltr'><strong>excommunicato.</strong></span> <span class='ocrx_word' id='word_1_246' title='bbox 1130 2784 1192 2859; x_wconf 80' lang='grc'><strong>11.</strong></span> <span class='ocrx_word' id='word_1_247' title='bbox 1210 2780 1262 2889; x_wconf 80' lang='grc'><strong>75)</strong></span> <span class='ocrx_word' id='word_1_248' title='bbox 1315 2785 1478 2859; x_wconf 85' lang='lat' dir='ltr'><strong>Frivolae</strong></span> <span class='ocrx_word' id='word_1_249' title='bbox 1511 2800 1615 2880; x_wconf 86' lang='lat' dir='ltr'><strong>sunt,</strong></span> <span class='ocrx_word' id='word_1_250' title='bbox 1657 2813 1748 2886; x_wconf 83' lang='lat' dir='ltr'><strong>quae</strong></span> <span class='ocrx_word' id='word_1_251' title='bbox 1781 2788 1881 2860; x_wconf 90' lang='lat' dir='ltr'><strong>nullo</strong></span> <span class='ocrx_word' id='word_1_252' title='bbox 1914 2790 1989 2876; x_wconf 76' lang='lat' dir='ltr'><strong>inre</strong></span> <span class='ocrx_word' id='word_1_253' title='bbox 2017 2790 2139 2859; x_wconf 83' lang='lat' dir='ltr'><strong>iuran-</strong></span> 
     </span>
     <span class='ocr_line' id='line_1_23' title="bbox 411 2879 2136 2994; baseline -0.004 -27"><span class='ocrx_word' id='word_1_254' title='bbox 411 2907 488 2989; x_wconf 80' lang='lat' dir='ltr'><strong>tur3</strong></span> <span class='ocrx_word' id='word_1_255' title='bbox 519 2908 554 2967; x_wconf 91' lang='lat' dir='ltr'><strong>et</strong></span> <span class='ocrx_word' id='word_1_256' title='bbox 580 2894 659 2967; x_wconf 91' lang='lat' dir='ltr'><strong>ideo</strong></span> <span class='ocrx_word' id='word_1_257' title='bbox 686 2918 759 2994; x_wconf 89' lang='lat' dir='ltr'><strong>non</strong></span> <span class='ocrx_word' id='word_1_258' title='bbox 785 2893 1030 2964; x_wconf 89' lang='lat' dir='ltr'><strong>admittuntur.</strong></span> <span class='ocrx_word' id='word_1_259' title='bbox 1054 2901 1094 2961; x_wconf 92' lang='lat' dir='ltr'><strong>ut</strong></span> <span class='ocrx_word' id='word_1_260' title='bbox 1121 2891 1168 2962; x_wconf 89' lang='grc' dir='ltr'><strong>Χ.</strong></span> <span class='ocrx_word' id='word_1_261' title='bbox 1195 2891 1238 2960; x_wconf 86' lang='grc'><strong>6.</strong></span> <span class='ocrx_word' id='word_1_262' title='bbox 1263 2888 1308 2960; x_wconf 89' lang='lat' dir='ltr'><strong>de</strong></span> <span class='ocrx_word' id='word_1_263' title='bbox 1336 2886 1587 2986; x_wconf 63' lang='lat' dir='ltr'><strong>appell.2,28.</strong></span> <span class='ocrx_word' id='word_1_264' title='bbox 1614 2915 1643 2961; x_wconf 92' lang='lat' dir='ltr'><strong>e.</strong></span> <span class='ocrx_word' id='word_1_265' title='bbox 1671 2885 1950 2988; x_wconf 78' lang='lat' dir='ltr'><strong>pastoralis.55.</strong></span> <span class='ocrx_word' id='word_1_266' title='bbox 1980 2880 2074 2992; x_wconf 89' lang='lat' dir='ltr'><strong>(pr.)</strong></span> <span class='ocrx_word' id='word_1_267' title='bbox 2084 2879 2136 2992; x_wconf 82' lang='grc'><strong>77)</strong></span> 
     </span>
     <span class='ocr_line' id='line_1_24' title="bbox 411 2989 2135 3096; baseline -0.003 -28"><span class='ocrx_word' id='word_1_268' title='bbox 411 2998 449 3068; x_wconf 87' lang='lat' dir='ltr'><strong>Si</strong></span> <span class='ocrx_word' id='word_1_269' title='bbox 485 3023 568 3070; x_wconf 83' lang='lat' dir='ltr'><strong>vero</strong></span> <span class='ocrx_word' id='word_1_270' title='bbox 603 2999 673 3068; x_wconf 90' lang='lat' dir='ltr'><strong>sint</strong></span> <span class='ocrx_word' id='word_1_271' title='bbox 698 2996 868 3096; x_wconf 81' lang='lat' dir='ltr'><strong>quaedam</strong></span> <span class='ocrx_word' id='word_1_272' title='bbox 903 2994 1052 3065; x_wconf 80' lang='lat' dir='ltr'><strong>frivolae</strong></span> <span class='ocrx_word' id='word_1_273' title='bbox 1096 3003 1132 3066; x_wconf 93' lang='lat' dir='ltr'><strong>et</strong></span> <span class='ocrx_word' id='word_1_274' title='bbox 1169 2989 1340 3090; x_wconf 88' lang='lat' dir='ltr'><strong>quaedam</strong></span> <span class='ocrx_word' id='word_1_275' title='bbox 1379 2990 1535 3086; x_wconf 83' lang='lat' dir='ltr'><strong>validae,</strong></span> <span class='ocrx_word' id='word_1_276' title='bbox 1580 2992 1684 3066; x_wconf 85' lang='lat' dir='ltr'><strong>iudex</strong></span> <span class='ocrx_word' id='word_1_277' title='bbox 1718 3019 1782 3090; x_wconf 88' lang='lat' dir='ltr'><strong>per</strong></span> <span class='ocrx_word' id='word_1_278' title='bbox 1819 2993 2135 3082; x_wconf 87' lang='lat' dir='ltr'><strong>interlocutoriam,</strong></span> 
     </span>
     <span class='ocr_line' id='line_1_25' title="bbox 412 3092 2138 3191; baseline -0.003 -20"><span class='ocrx_word' id='word_1_279' title='bbox 412 3102 552 3171; x_wconf 89' lang='lat' dir='ltr'><strong>omissis</strong></span> <span class='ocrx_word' id='word_1_280' title='bbox 580 3099 735 3191; x_wconf 83' lang='lat' dir='ltr'><strong>frivolis,</strong></span> <span class='ocrx_word' id='word_1_281' title='bbox 766 3097 927 3170; x_wconf 91' lang='lat' dir='ltr'><strong>admittat</strong></span> <span class='ocrx_word' id='word_1_282' title='bbox 953 3095 1099 3186; x_wconf 86' lang='lat' dir='ltr'><strong>validas,</strong></span> <span class='ocrx_word' id='word_1_283' title='bbox 1127 3118 1202 3187; x_wconf 78' lang='lat' dir='ltr'><strong>arg.</strong></span> <span class='ocrx_word' id='word_1_284' title='bbox 1228 3095 1274 3166; x_wconf 89' lang='grc' dir='ltr'><strong>Χ.</strong></span> <span class='ocrx_word' id='word_1_285' title='bbox 1298 3095 1345 3166; x_wconf 76' lang='lat' dir='ltr'><strong>G.</strong></span> <span class='ocrx_word' id='word_1_286' title='bbox 1367 3093 1412 3164; x_wconf 87' lang='lat' dir='ltr'><strong>de</strong></span> <span class='ocrx_word' id='word_1_287' title='bbox 1438 3095 1498 3184; x_wconf 71' lang='lat' dir='ltr'><strong>att.</strong></span> <span class='ocrx_word' id='word_1_288' title='bbox 1526 3095 1665 3167; x_wconf 88' lang='lat' dir='ltr'><strong>custod.</strong></span> <span class='ocrx_word' id='word_1_289' title='bbox 1681 3093 1791 3188; x_wconf 72' lang='grc'><strong>1,17.</strong></span> <span class='ocrx_word' id='word_1_290' title='bbox 1814 3119 1844 3166; x_wconf 89' lang='lat' dir='ltr'><strong>c.</strong></span> <span class='ocrx_word' id='word_1_291' title='bbox 1859 3092 1891 3164; x_wconf 92' lang='lat' dir='ltr'><strong>l.</strong></span> <span class='ocrx_word' id='word_1_292' title='bbox 1917 3097 1953 3165; x_wconf 91' lang='lat' dir='ltr'><strong>in</strong></span> <span class='ocrx_word' id='word_1_293' title='bbox 1979 3094 2073 3191; x_wconf 79' lang='lat' dir='ltr'><strong>l&#39;.⁷⁷)</strong></span> <span class='ocrx_word' id='word_1_294' title='bbox 2102 3104 2138 3166; x_wconf 87' lang='lat' dir='ltr'><strong>et</strong></span> 
     </span>
     <span class='ocr_line' id='line_1_26' title="bbox 364 3194 2137 3299; baseline -0.007 -20"><span class='ocrx_word' id='word_1_295' title='bbox 364 3229 396 3281; x_wconf 79' lang='lat'><strong>25</strong></span> <span class='ocrx_word' id='word_1_296' title='bbox 414 3202 458 3275; x_wconf 90' lang='lat' dir='ltr'><strong>de</strong></span> <span class='ocrx_word' id='word_1_297' title='bbox 477 3199 666 3299; x_wconf 85' lang='lat' dir='ltr'><strong>praebend.</strong></span> <span class='ocrx_word' id='word_1_298' title='bbox 682 3199 722 3292; x_wconf 77' lang='lat'><strong>5,</strong></span> <span class='ocrx_word' id='word_1_299' title='bbox 737 3197 774 3271; x_wconf 81' lang='grc'><strong>5.</strong></span> <span class='ocrx_word' id='word_1_300' title='bbox 802 3226 831 3272; x_wconf 92' lang='lat' dir='ltr'><strong>c.</strong></span> <span class='ocrx_word' id='word_1_301' title='bbox 856 3199 1017 3271; x_wconf 86' lang='lat' dir='ltr'><strong>dilectus.</strong></span> <span class='ocrx_word' id='word_1_302' title='bbox 1035 3194 1093 3268; x_wconf 87' lang='grc'><strong>19.</strong></span> <span class='ocrx_word' id='word_1_303' title='bbox 1107 3197 1178 3287; x_wconf 77' lang='lat'><strong>⁷⁸),</strong></span> <span class='ocrx_word' id='word_1_304' title='bbox 1219 3196 1301 3294; x_wconf 88' lang='lat' dir='ltr'><strong>quia</strong></span> <span class='ocrx_word' id='word_1_305' title='bbox 1328 3207 1651 3294; x_wconf 88' lang='lat' dir='ltr'><strong>quantumcumque</strong></span> <span class='ocrx_word' id='word_1_306' title='bbox 1676 3223 1768 3295; x_wconf 94' lang='lat' dir='ltr'><strong>papa</strong></span> <span class='ocrx_word' id='word_1_307' title='bbox 1801 3195 1953 3289; x_wconf 87' lang='lat' dir='ltr'><strong>scribat,</strong></span> <span class='ocrx_word' id='word_1_308' title='bbox 1996 3221 2137 3293; x_wconf 85' lang='lat' dir='ltr'><strong>semper</strong></span> 
     </span>
     <span class='ocr_line' id='line_1_27' title="bbox 413 3297 2137 3399; baseline -0.003 -24"><span class='ocrx_word' id='word_1_309' title='bbox 413 3301 544 3376; x_wconf 90' lang='lat' dir='ltr'><strong>debent</strong></span> <span class='ocrx_word' id='word_1_310' title='bbox 562 3367 564 3375; x_wconf 81' lang='grc'>,</span> <span class='ocrx_word' id='word_1_311' title='bbox 585 3303 761 3396; x_wconf 82' lang='lat' dir='ltr'><strong>legitimae</strong></span> <span class='ocrx_word' id='word_1_312' title='bbox 796 3303 1022 3399; x_wconf 84' lang='lat' dir='ltr'><strong>exceptiones</strong></span> <span class='ocrx_word' id='word_1_313' title='bbox 1061 3297 1218 3391; x_wconf 85' lang='lat' dir='ltr'><strong>admitti,</strong></span> <span class='ocrx_word' id='word_1_314' title='bbox 1259 3309 1299 3369; x_wconf 91' lang='lat' dir='ltr'><strong>nt</strong></span> <span class='ocrx_word' id='word_1_315' title='bbox 1329 3299 1380 3369; x_wconf 86' lang='grc' dir='ltr'><strong>Χ.</strong></span> <span class='ocrx_word' id='word_1_316' title='bbox 1408 3300 1450 3369; x_wconf 87' lang='grc'><strong>6.</strong></span> <span class='ocrx_word' id='word_1_317' title='bbox 1494 3297 1540 3371; x_wconf 94' lang='lat' dir='ltr'><strong>de</strong></span> <span class='ocrx_word' id='word_1_318' title='bbox 1571 3311 1695 3372; x_wconf 91' lang='lat' dir='ltr'><strong>aetate.</strong></span> <span class='ocrx_word' id='word_1_319' title='bbox 1712 3298 1749 3392; x_wconf 89' lang='lat' dir='ltr'><strong>l,</strong></span> <span class='ocrx_word' id='word_1_320' title='bbox 1768 3297 1829 3371; x_wconf 79' lang='grc'><strong>11.</strong></span> <span class='ocrx_word' id='word_1_321' title='bbox 1862 3325 1891 3370; x_wconf 89' lang='lat' dir='ltr'><strong>c.</strong></span> <span class='ocrx_word' id='word_1_322' title='bbox 1927 3301 2137 3396; x_wconf 85' lang='lat' dir='ltr'><strong>accepimus.</strong></span> 
     </span>
     <span class='ocr_line' id='line_1_28' title="bbox 412 3398 2140 3498; baseline -0.002 -22"><span class='ocrx_word' id='word_1_323' title='bbox 412 3402 475 3476; x_wconf 87' lang='grc'><strong>15.</strong></span> <span class='ocrx_word' id='word_1_324' title='bbox 494 3407 543 3493; x_wconf 77' lang='grc'><strong>77)</strong></span> <span class='ocrx_word' id='word_1_325' title='bbox 571 3416 606 3476; x_wconf 91' lang='lat' dir='ltr'><strong>et</strong></span> <span class='ocrx_word' id='word_1_326' title='bbox 631 3404 675 3476; x_wconf 91' lang='lat' dir='ltr'><strong>de</strong></span> <span class='ocrx_word' id='word_1_327' title='bbox 701 3405 763 3476; x_wconf 83' lang='lat' dir='ltr'><strong>ott.</strong></span> <span class='ocrx_word' id='word_1_328' title='bbox 788 3403 901 3498; x_wconf 78' lang='lat' dir='ltr'><strong>deleg.</strong></span> <span class='ocrx_word' id='word_1_329' title='bbox 918 3401 954 3495; x_wconf 91' lang='lat' dir='ltr'><strong>l,</strong></span> <span class='ocrx_word' id='word_1_330' title='bbox 970 3400 1032 3474; x_wconf 65' lang='grc'><strong>19.</strong></span> <span class='ocrx_word' id='word_1_331' title='bbox 1057 3427 1087 3474; x_wconf 92' lang='lat' dir='ltr'><strong>e.</strong></span> <span class='ocrx_word' id='word_1_332' title='bbox 1115 3425 1159 3473; x_wconf 90' lang='lat' dir='ltr'><strong>ex</strong></span> <span class='ocrx_word' id='word_1_333' title='bbox 1184 3411 1296 3497; x_wconf 85' lang='lat' dir='ltr'><strong>parte.</strong></span> <span class='ocrx_word' id='word_1_334' title='bbox 1314 3398 1375 3472; x_wconf 79' lang='grc'><strong>15.</strong></span> <span class='ocrx_word' id='word_1_335' title='bbox 1390 3398 1462 3497; x_wconf 72' lang='grc'><strong>80))</strong></span> <span class='ocrx_word' id='word_1_336' title='bbox 1501 3402 1573 3472; x_wconf 89' lang='lat' dir='ltr'><strong>imo</strong></span> <span class='ocrx_word' id='word_1_337' title='bbox 1600 3403 1794 3498; x_wconf 89' lang='lat' dir='ltr'><strong>puniuntur</strong></span> <span class='ocrx_word' id='word_1_338' title='bbox 1818 3400 1951 3473; x_wconf 87' lang='lat' dir='ltr'><strong>iudices</strong></span> <span class='ocrx_word' id='word_1_339' title='bbox 1969 3403 2039 3496; x_wconf 75' lang='lat'><strong>⁸¹),</strong></span> <span class='ocrx_word' id='word_1_340' title='bbox 2072 3401 2140 3472; x_wconf 88' lang='lat' dir='ltr'><strong>nisi</strong></span> 
     </span>
    </p>

    <p class='ocr_par' dir='ltr' id='par_1_5' title="bbox 363 3495 2137 3810">
     <span class='ocr_line' id='line_1_29' title="bbox 412 3495 1889 3609; baseline -0.001 -33"><span class='ocrx_word' id='word_1_341' title='bbox 412 3506 598 3578; x_wconf 88' lang='lat' dir='ltr'><strong>admittant</strong></span> <span class='ocrx_word' id='word_1_342' title='bbox 623 3505 795 3600; x_wconf 76' lang='lat' dir='ltr'><strong>legitimas</strong></span> <span class='ocrx_word' id='word_1_343' title='bbox 821 3507 1056 3603; x_wconf 85' lang='lat' dir='ltr'><strong>exceptiones.</strong></span> <span class='ocrx_word' id='word_1_344' title='bbox 1082 3513 1122 3574; x_wconf 89' lang='lat' dir='ltr'><strong>ut</strong></span> <span class='ocrx_word' id='word_1_345' title='bbox 1147 3498 1267 3574; x_wconf 68' lang='grc' dir='ltr'><strong>(1.Βᾶ</strong></span> <span class='ocrx_word' id='word_1_346' title='bbox 1293 3528 1328 3602; x_wconf 87' lang='lat' dir='ltr'><strong>q.</strong></span> <span class='ocrx_word' id='word_1_347' title='bbox 1343 3499 1380 3573; x_wconf 65' lang='grc' dir='ltr'><strong>Β.</strong></span> <span class='ocrx_word' id='word_1_348' title='bbox 1407 3501 1443 3601; x_wconf 90' lang='grc'><strong>5.</strong></span> <span class='ocrx_word' id='word_1_349' title='bbox 1468 3504 1597 3600; x_wconf 90' lang='lat' dir='ltr'><strong>puniri.</strong></span> <span class='ocrx_word' id='word_1_350' title='bbox 1626 3495 1675 3609; x_wconf 88' lang='lat' dir='ltr'><strong>(e.</strong></span> <span class='ocrx_word' id='word_1_351' title='bbox 1692 3501 1750 3575; x_wconf 90' lang='grc'><strong>16.</strong></span> <span class='ocrx_word' id='word_1_352' title='bbox 1779 3502 1814 3602; x_wconf 88' lang='grc'><strong>5.</strong></span> <span class='ocrx_word' id='word_1_353' title='bbox 1831 3495 1889 3607; x_wconf 65' lang='grc'><strong>2)</strong></span> 
     </span>
     <span class='ocr_line' id='line_1_30' title="bbox 512 3601 2137 3703; baseline -0.002 -23"><span class='ocrx_word' id='word_1_354' title='bbox 512 3607 649 3680; x_wconf 84' lang='lat' dir='ltr'><strong>Validis</strong></span> <span class='ocrx_word' id='word_1_355' title='bbox 674 3608 835 3680; x_wconf 87' lang='lat' dir='ltr'><strong>admissis</strong></span> <span class='ocrx_word' id='word_1_356' title='bbox 859 3601 977 3680; x_wconf 79' lang='lat' dir='ltr'><strong>statim</strong></span> <span class='ocrx_word' id='word_1_357' title='bbox 1004 3606 1109 3677; x_wconf 87' lang='lat' dir='ltr'><strong>index</strong></span> <span class='ocrx_word' id='word_1_358' title='bbox 1136 3604 1308 3700; x_wconf 84' lang='lat' dir='ltr'><strong>praefigat</strong></span> <span class='ocrx_word' id='word_1_359' title='bbox 1332 3608 1521 3678; x_wconf 91' lang='lat' dir='ltr'><strong>terminum</strong></span> <span class='ocrx_word' id='word_1_360' title='bbox 1546 3616 1795 3699; x_wconf 79' lang='lat' dir='ltr'><strong>congruentem</strong></span> <span class='ocrx_word' id='word_1_361' title='bbox 1823 3632 1898 3698; x_wconf 90' lang='lat' dir='ltr'><strong>reo,</strong></span> <span class='ocrx_word' id='word_1_362' title='bbox 1924 3607 2014 3677; x_wconf 86' lang='lat' dir='ltr'><strong>intra</strong></span> <span class='ocrx_word' id='word_1_363' title='bbox 2031 3629 2137 3703; x_wconf 86' lang='lat' dir='ltr'><strong>quem</strong></span> 
     </span>
     <span class='ocr_line' id='line_1_31' title="bbox 363 3707 2137 3810; baseline -0.004 -23"><span class='ocrx_word' id='word_1_364' title='bbox 363 3733 396 3787; x_wconf 77' lang='lat' dir='ltr'><strong>to</strong></span> <span class='ocrx_word' id='word_1_365' title='bbox 413 3709 543 3810; x_wconf 90' lang='lat' dir='ltr'><strong>probet</strong></span> <span class='ocrx_word' id='word_1_366' title='bbox 570 3735 640 3783; x_wconf 88' lang='lat' dir='ltr'><strong>eas.</strong></span> <span class='ocrx_word' id='word_1_367' title='bbox 691 3713 804 3782; x_wconf 79' lang='lat' dir='ltr'><strong>Actor</strong></span> <span class='ocrx_word' id='word_1_368' title='bbox 829 3735 913 3782; x_wconf 87' lang='lat' dir='ltr'><strong>vero</strong></span> <span class='ocrx_word' id='word_1_369' title='bbox 941 3709 1059 3781; x_wconf 89' lang='lat' dir='ltr'><strong>statim</strong></span> <span class='ocrx_word' id='word_1_370' title='bbox 1086 3716 1308 3804; x_wconf 85' lang='lat' dir='ltr'><strong>protestetur</strong></span> <span class='ocrx_word' id='word_1_371' title='bbox 1332 3731 1527 3805; x_wconf 86' lang='lat' dir='ltr'><strong>expensas,</strong></span> <span class='ocrx_word' id='word_1_372' title='bbox 1555 3709 1692 3781; x_wconf 82' lang='lat' dir='ltr'><strong>sirene</strong></span> <span class='ocrx_word' id='word_1_373' title='bbox 1717 3707 1833 3801; x_wconf 78' lang='lat' dir='ltr'><strong>sorte,</strong></span> <span class='ocrx_word' id='word_1_374' title='bbox 1865 3709 1928 3807; x_wconf 87' lang='lat' dir='ltr'><strong>qni</strong></span> <span class='ocrx_word' id='word_1_375' title='bbox 1956 3707 2137 3806; x_wconf 86' lang='lat' dir='ltr'><strong>exceptio·</strong></span> 
     </span>
    </p>
   </div>
   <div class='ocr_carea' id='block_1_3' title="bbox 368 3955 2167 5372">
    <p class='ocr_par' dir='ltr' id='par_1_6' title="bbox 368 3955 2167 5372">
     <span class='ocr_line' id='line_1_32' title="bbox 455 3955 1821 4044; baseline -0.004 -14"><span class='ocrx_word' id='word_1_376' title='bbox 455 3964 512 4042; x_wconf 86' lang='grc'><strong>65)</strong></span> <span class='ocrx_word' id='word_1_377' title='bbox 555 3987 631 4028; x_wconf 85' lang='lat' dir='ltr'><strong>meo.</strong></span> <span class='ocrx_word' id='word_1_378' title='bbox 649 4001 689 4011; x_wconf 93' lang='lat'>—</span> <span class='ocrx_word' id='word_1_379' title='bbox 705 3962 744 4029; x_wconf 91' lang='lat' dir='ltr'><strong>B.</strong></span> <span class='ocrx_word' id='word_1_380' title='bbox 761 3962 855 4030; x_wconf 71' lang='lat' dir='ltr'><strong>„eo”</strong></span> <span class='ocrx_word' id='word_1_381' title='bbox 1314 3977 1404 4024; x_wconf 90' lang='lat' dir='ltr'><strong>vers.</strong></span> <span class='ocrx_word' id='word_1_382' title='bbox 1420 3967 1453 4022; x_wconf 92' lang='lat' dir='ltr'><strong>et</strong></span> <span class='ocrx_word' id='word_1_383' title='bbox 1466 3955 1550 4038; x_wconf 91' lang='lat' dir='ltr'><strong>hoc,</strong></span> <span class='ocrx_word' id='word_1_384' title='bbox 1566 3960 1653 4044; x_wconf 86' lang='lat' dir='ltr'><strong>qnod</strong></span> <span class='ocrx_word' id='word_1_385' title='bbox 1669 3959 1821 4024; x_wconf 77' lang='lat' dir='ltr'><strong>diximus.</strong></span> 
     </span>
     <span class='ocr_line' id='line_1_33' title="bbox 455 4056 1801 4148; baseline -0.002 -18"><span class='ocrx_word' id='word_1_386' title='bbox 455 4065 513 4144; x_wconf 89' lang='grc'><strong>66)</strong></span> <span class='ocrx_word' id='word_1_387' title='bbox 558 4089 583 4129; x_wconf 87' lang='lat' dir='ltr'><strong>e.</strong></span> <span class='ocrx_word' id='word_1_388' title='bbox 599 4069 777 4147; x_wconf 80' lang='lat' dir='ltr'><strong>pastoralia.</strong></span> <span class='ocrx_word' id='word_1_389' title='bbox 802 4088 829 4129; x_wconf 88' lang='lat' dir='ltr'><strong>c.</strong></span> <span class='ocrx_word' id='word_1_390' title='bbox 850 4065 993 4148; x_wconf 79' lang='lat' dir='ltr'><strong>qualiter.</strong></span> <span class='ocrx_word' id='word_1_391' title='bbox 1018 4085 1043 4129; x_wconf 85' lang='lat' dir='ltr'><strong>c.</strong></span> <span class='ocrx_word' id='word_1_392' title='bbox 1060 4071 1097 4126; x_wconf 82' lang='lat' dir='ltr'><strong>al</strong></span> <span class='ocrx_word' id='word_1_393' title='bbox 1112 4064 1244 4126; x_wconf 80' lang='lat' dir='ltr'><strong>delitus.</strong></span> <span class='ocrx_word' id='word_1_394' title='bbox 1358 4058 1415 4138; x_wconf 85' lang='lat'><strong>76)</strong></span> <span class='ocrx_word' id='word_1_395' title='bbox 1460 4056 1512 4126; x_wconf 83' lang='grc'><strong>61.</strong></span> <span class='ocrx_word' id='word_1_396' title='bbox 1527 4057 1559 4124; x_wconf 90' lang='lat' dir='ltr'><strong>h.</strong></span> <span class='ocrx_word' id='word_1_397' title='bbox 1575 4081 1651 4146; x_wconf 79' lang='lat' dir='ltr'><strong>pag.</strong></span> <span class='ocrx_word' id='word_1_398' title='bbox 1665 4082 1755 4127; x_wconf 76' lang='lat' dir='ltr'><strong>vers·</strong></span> <span class='ocrx_word' id='word_1_399' title='bbox 1770 4061 1801 4127; x_wconf 87' lang='grc'><strong>3.</strong></span> 
     </span>
     <span class='ocr_line' id='line_1_34' title="bbox 415 4160 2139 4248; baseline -0.001 -16"><span class='ocrx_word' id='word_1_400' title='bbox 415 4167 528 4233; x_wconf 88' lang='lat' dir='ltr'><strong>lnnoc.</strong></span> <span class='ocrx_word' id='word_1_401' title='bbox 542 4163 573 4231; x_wconf 83' lang='lat'><strong>3.</strong></span> <span class='ocrx_word' id='word_1_402' title='bbox 1215 4231 1218 4239; x_wconf 58' lang='grc'><strong>,</strong></span> <span class='ocrx_word' id='word_1_403' title='bbox 1357 4161 1410 4238; x_wconf 94' lang='grc'><strong>77)</strong></span> <span class='ocrx_word' id='word_1_404' title='bbox 1454 4162 1589 4245; x_wconf 69' lang='lat' dir='ltr'><strong>infilta</strong></span> <span class='ocrx_word' id='word_1_405' title='bbox 1603 4161 1642 4226; x_wconf 93' lang='lat' dir='ltr'><strong>B.</strong></span> <span class='ocrx_word' id='word_1_406' title='bbox 1664 4163 1731 4228; x_wconf 88' lang='lat' dir='ltr'><strong>Sed</strong></span> <span class='ocrx_word' id='word_1_407' title='bbox 1748 4160 1846 4228; x_wconf 85' lang='lat' dir='ltr'><strong>inerit</strong></span> <span class='ocrx_word' id='word_1_408' title='bbox 1858 4163 1947 4228; x_wconf 86' lang='lat' dir='ltr'><strong>idem</strong></span> <span class='ocrx_word' id='word_1_409' title='bbox 1963 4163 2060 4230; x_wconf 84' lang='lat' dir='ltr'><strong>locas</strong></span> <span class='ocrx_word' id='word_1_410' title='bbox 2077 4169 2139 4248; x_wconf 86' lang='lat' dir='ltr'><strong>(pr.</strong></span> 
     </span>
     <span class='ocr_line' id='line_1_35' title="bbox 458 4260 2137 4352; baseline -0.002 -17"><span class='ocrx_word' id='word_1_411' title='bbox 458 4269 517 4345; x_wconf 88' lang='grc'><strong>67)</strong></span> <span class='ocrx_word' id='word_1_412' title='bbox 560 4271 623 4332; x_wconf 80' lang='lat' dir='ltr'><strong>iad.</strong></span> <span class='ocrx_word' id='word_1_413' title='bbox 645 4271 738 4348; x_wconf 63' lang='grc' dir='ltr'><strong>δάε).</strong></span> <span class='ocrx_word' id='word_1_414' title='bbox 767 4274 802 4332; x_wconf 83' lang='lat' dir='ltr'><strong>in</strong></span> <span class='ocrx_word' id='word_1_415' title='bbox 823 4289 920 4332; x_wconf 78' lang='lat' dir='ltr'><strong>casea</strong></span> <span class='ocrx_word' id='word_1_416' title='bbox 939 4275 995 4333; x_wconf 85' lang='lat' dir='ltr'><strong>etc.</strong></span> <span class='ocrx_word' id='word_1_417' title='bbox 1026 4301 1064 4316; x_wconf 87' lang='lat'>-</span> <span class='ocrx_word' id='word_1_418' title='bbox 1094 4264 1132 4332; x_wconf 91' lang='lat' dir='ltr'><strong>B.</strong></span> <span class='ocrx_word' id='word_1_419' title='bbox 1157 4265 1243 4333; x_wconf 74' lang='lat' dir='ltr'><strong>einio</strong></span> <span class='ocrx_word' id='word_1_420' title='bbox 1312 4260 1418 4342; x_wconf 74' lang='lat' dir='ltr'><strong>tat),</strong></span> <span class='ocrx_word' id='word_1_421' title='bbox 1449 4281 1547 4347; x_wconf 88' lang='lat' dir='ltr'><strong>quem</strong></span> <span class='ocrx_word' id='word_1_422' title='bbox 1569 4274 1684 4329; x_wconf 88' lang='lat' dir='ltr'><strong>noster</strong></span> <span class='ocrx_word' id='word_1_423' title='bbox 1704 4263 1736 4328; x_wconf 87' lang='lat' dir='ltr'><strong>lr.</strong></span> <span class='ocrx_word' id='word_1_424' title='bbox 1751 4275 1836 4349; x_wconf 87' lang='lat' dir='ltr'><strong>part.</strong></span> <span class='ocrx_word' id='word_1_425' title='bbox 1850 4264 1896 4330; x_wconf 91' lang='lat' dir='ltr'><strong>tit.</strong></span> <span class='ocrx_word' id='word_1_426' title='bbox 1914 4265 1943 4330; x_wconf 88' lang='lat'><strong>1.</strong></span> <span class='ocrx_word' id='word_1_427' title='bbox 1960 4275 2049 4352; x_wconf 77' lang='lat' dir='ltr'><strong>(pag.</strong></span> <span class='ocrx_word' id='word_1_428' title='bbox 2063 4265 2137 4332; x_wconf 76' lang='lat'><strong>321.</strong></span> 
     </span>
     <span class='ocr_line' id='line_1_36' title="bbox 383 4363 1668 4451; baseline -0.005 -14"><span class='ocrx_word' id='word_1_429' title='bbox 383 4379 399 4428; x_wconf 69' lang='grc' dir='ltr'><strong>ὅ</strong></span> <span class='ocrx_word' id='word_1_430' title='bbox 418 4368 537 4437; x_wconf 73' lang='lat' dir='ltr'><strong>»dc&#39;i.&#39;’</strong></span> <span class='ocrx_word' id='word_1_431' title='bbox 1312 4383 1402 4430; x_wconf 86' lang='lat' dir='ltr'><strong>vers.</strong></span> <span class='ocrx_word' id='word_1_432' title='bbox 1420 4363 1486 4441; x_wconf 88' lang='grc'><strong>18.)</strong></span> <span class='ocrx_word' id='word_1_433' title='bbox 1503 4364 1668 4451; x_wconf 86' lang='lat' dir='ltr'><strong>allegavit.</strong></span> 
     </span>
     <span class='ocr_line' id='line_1_37' title="bbox 456 4465 2138 4555; baseline 0.002 -24"><span class='ocrx_word' id='word_1_434' title='bbox 456 4469 515 4547; x_wconf 82' lang='lat'><strong>68)</strong></span> <span class='ocrx_word' id='word_1_435' title='bbox 559 4469 657 4534; x_wconf 76' lang='lat' dir='ltr'><strong>extB</strong></span> <span class='ocrx_word' id='word_1_436' title='bbox 679 4490 743 4535; x_wconf 90' lang='lat' dir='ltr'><strong>om.</strong></span> <span class='ocrx_word' id='word_1_437' title='bbox 1355 4465 1409 4540; x_wconf 87' lang='grc'><strong>78)</strong></span> <span class='ocrx_word' id='word_1_438' title='bbox 1455 4485 1525 4552; x_wconf 82' lang='lat' dir='ltr'><strong>arg.</strong></span> <span class='ocrx_word' id='word_1_439' title='bbox 1546 4469 1638 4533; x_wconf 85' lang='lat' dir='ltr'><strong>verb.</strong></span> <span class='ocrx_word' id='word_1_440' title='bbox 1661 4488 1744 4535; x_wconf 74' lang='lat' dir='ltr'><strong>„nos</strong></span> <span class='ocrx_word' id='word_1_441' title='bbox 1763 4466 1853 4534; x_wconf 83' lang='lat' dir='ltr'><strong>laeto</strong></span> <span class='ocrx_word' id='word_1_442' title='bbox 1872 4467 2022 4535; x_wconf 85' lang='lat' dir='ltr'><strong>eiusdem</strong></span> <span class='ocrx_word' id='word_1_443' title='bbox 2035 4467 2138 4555; x_wconf 78' lang='lat' dir='ltr'><strong>legati</strong></span> 
     </span>
     <span class='ocr_line' id='line_1_38' title="bbox 455 4565 2140 4659; baseline 0.004 -25"><span class='ocrx_word' id='word_1_444' title='bbox 455 4569 514 4651; x_wconf 87' lang='grc'><strong>69)</strong></span> <span class='ocrx_word' id='word_1_445' title='bbox 557 4580 794 4651; x_wconf 60' lang='lat' dir='ltr'><strong>concatenatur.</strong></span> <span class='ocrx_word' id='word_1_446' title='bbox 809 4605 852 4620; x_wconf 91' lang='lat'><em>-</em></span> <span class='ocrx_word' id='word_1_447' title='bbox 867 4573 906 4638; x_wconf 89' lang='lat' dir='ltr'><strong>B.</strong></span> <span class='ocrx_word' id='word_1_448' title='bbox 923 4571 1182 4659; x_wconf 75' lang='lat' dir='ltr'><strong>„constringat”</strong></span> <span class='ocrx_word' id='word_1_449' title='bbox 1312 4565 1444 4634; x_wconf 69' lang='lat' dir='ltr'><strong>”illicito</strong></span> <span class='ocrx_word' id='word_1_450' title='bbox 1463 4570 1660 4653; x_wconf 87' lang='lat' dir='ltr'><strong>reprobato,</strong></span> <span class='ocrx_word' id='word_1_451' title='bbox 1690 4572 1778 4656; x_wconf 79' lang='lat' dir='ltr'><strong>qnod</strong></span> <span class='ocrx_word' id='word_1_452' title='bbox 1799 4579 1850 4637; x_wconf 90' lang='lat' dir='ltr'><strong>cst</strong></span> <span class='ocrx_word' id='word_1_453' title='bbox 1870 4568 1995 4637; x_wconf 86' lang='lat' dir='ltr'><strong>licitum</strong></span> <span class='ocrx_word' id='word_1_454' title='bbox 2018 4593 2140 4656; x_wconf 82' lang='lat' dir='ltr'><strong>appro-</strong></span> 
     </span>
     <span class='ocr_line' id='line_1_39' title="bbox 393 4670 1656 4753; baseline -0.005 -11"><span class='ocrx_word' id='word_1_455' title='bbox 393 4729 397 4742; x_wconf 93' lang='lat'><strong>.</strong></span> <span class='ocrx_word' id='word_1_456' title='bbox 456 4673 514 4753; x_wconf 87' lang='grc'><strong>70)</strong></span> <span class='ocrx_word' id='word_1_457' title='bbox 557 4681 599 4737; x_wconf 77' lang='lat' dir='ltr'><strong>tn.</strong></span> <span class='ocrx_word' id='word_1_458' title='bbox 616 4673 656 4739; x_wconf 91' lang='grc' dir='ltr'><strong>Β.</strong></span> <span class='ocrx_word' id='word_1_459' title='bbox 672 4695 736 4739; x_wconf 93' lang='lat' dir='ltr'><strong>om.</strong></span> <span class='ocrx_word' id='word_1_460' title='bbox 1313 4672 1483 4737; x_wconf 65' lang='lat' dir='ltr'><strong>„benten”</strong></span> <span class='ocrx_word' id='word_1_461' title='bbox 1498 4672 1609 4736; x_wconf 91' lang='lat' dir='ltr'><strong>lnnoe.</strong></span> <span class='ocrx_word' id='word_1_462' title='bbox 1624 4670 1656 4736; x_wconf 87' lang='grc'><strong>3.</strong></span> 
     </span>
     <span class='ocr_line' id='line_1_40' title="bbox 456 4770 2138 4861; baseline 0.001 -20"><span class='ocrx_word' id='word_1_463' title='bbox 456 4776 510 4849; x_wconf 85' lang='grc'><strong>71)</strong></span> <span class='ocrx_word' id='word_1_464' title='bbox 554 4774 762 4841; x_wconf 76' lang='lat' dir='ltr'><strong>Alexandtl.</strong></span> <span class='ocrx_word' id='word_1_465' title='bbox 1356 4772 1409 4846; x_wconf 85' lang='grc'><strong>79)</strong></span> <span class='ocrx_word' id='word_1_466' title='bbox 1454 4771 1602 4837; x_wconf 84' lang='lat' dir='ltr'><strong>lnn0e3.</strong></span> <span class='ocrx_word' id='word_1_467' title='bbox 1618 4770 1670 4841; x_wconf 82' lang='lat' dir='ltr'><strong>Gi.</strong></span> <span class='ocrx_word' id='word_1_468' title='bbox 1690 4773 1796 4841; x_wconf 66' lang='grc' dir='ltr'><strong>Βίου.</strong></span> <span class='ocrx_word' id='word_1_469' title='bbox 1810 4775 1854 4840; x_wconf 86' lang='lat' dir='ltr'><strong>ad</strong></span> <span class='ocrx_word' id='word_1_470' title='bbox 1868 4771 1899 4861; x_wconf 87' lang='lat'><strong>§.</strong></span> <span class='ocrx_word' id='word_1_471' title='bbox 1914 4773 1972 4840; x_wconf 88' lang='lat' dir='ltr'><strong>ult.</strong></span> <span class='ocrx_word' id='word_1_472' title='bbox 1986 4775 2020 4841; x_wconf 88' lang='lat' dir='ltr'><strong>in</strong></span> <span class='ocrx_word' id='word_1_473' title='bbox 2034 4798 2066 4843; x_wconf 86' lang='lat' dir='ltr'><strong>v.</strong></span> <span class='ocrx_word' id='word_1_474' title='bbox 2081 4795 2138 4842; x_wconf 86' lang='lat' dir='ltr'><strong>ex·</strong></span> 
     </span>
     <span class='ocr_line' id='line_1_41' title="bbox 368 4870 2167 4963; baseline -0.005 -16"><span class='ocrx_word' id='word_1_475' title='bbox 368 4897 400 4950; x_wconf 84' lang='lat' dir='ltr'><strong>ro</strong></span> <span class='ocrx_word' id='word_1_476' title='bbox 457 4879 513 4957; x_wconf 77' lang='grc'><strong>77)</strong></span> <span class='ocrx_word' id='word_1_477' title='bbox 557 4874 607 4942; x_wconf 81' lang='lat' dir='ltr'><strong>cf.</strong></span> <span class='ocrx_word' id='word_1_478' title='bbox 621 4877 652 4943; x_wconf 90' lang='lat' dir='ltr'><strong>h.</strong></span> <span class='ocrx_word' id='word_1_479' title='bbox 667 4888 690 4942; x_wconf 90' lang='lat' dir='ltr'><strong>t.</strong></span> <span class='ocrx_word' id='word_1_480' title='bbox 704 4897 781 4963; x_wconf 79' lang='lat' dir='ltr'><strong>pag.</strong></span> <span class='ocrx_word' id='word_1_481' title='bbox 796 4876 866 4944; x_wconf 75' lang='lat'><strong>352.</strong></span> <span class='ocrx_word' id='word_1_482' title='bbox 886 4895 973 4961; x_wconf 80' lang='lat' dir='ltr'><strong>vera</strong></span> <span class='ocrx_word' id='word_1_483' title='bbox 988 4876 1040 4942; x_wconf 78' lang='lat'><strong>21.</strong></span> <span class='ocrx_word' id='word_1_484' title='bbox 1241 4929 1242 4934; x_wconf 28' lang='lat'>1</span> <span class='ocrx_word' id='word_1_485' title='bbox 1313 4877 1495 4959; x_wconf 84' lang='lat' dir='ltr'><strong>captiones.</strong></span> <span class='ocrx_word' id='word_1_486' title='bbox 2163 4870 2167 4878; x_wconf 83' lang='lat'>&#39;</span> 
     </span>
     <span class='ocr_line' id='line_1_42' title="bbox 455 4973 2139 5063; baseline 0.002 -18"><span class='ocrx_word' id='word_1_487' title='bbox 455 4980 509 5056; x_wconf 86' lang='grc'><strong>73)</strong></span> <span class='ocrx_word' id='word_1_488' title='bbox 554 4984 657 5063; x_wconf 80' lang='lat' dir='ltr'><strong>puelia</strong></span> <span class='ocrx_word' id='word_1_489' title='bbox 671 5003 718 5042; x_wconf 84' lang='lat' dir='ltr'><strong>ee.</strong></span> <span class='ocrx_word' id='word_1_490' title='bbox 735 5013 778 5026; x_wconf 89' lang='lat'>-</span> <span class='ocrx_word' id='word_1_491' title='bbox 793 4978 831 5042; x_wconf 88' lang='lat' dir='ltr'><strong>B.</strong></span> <span class='ocrx_word' id='word_1_492' title='bbox 851 4975 982 5062; x_wconf 61' lang='lat' dir='ltr'><strong>„pali”</strong></span> <span class='ocrx_word' id='word_1_493' title='bbox 1354 4975 1409 5054; x_wconf 82' lang='grc'><strong>86)</strong></span> <span class='ocrx_word' id='word_1_494' title='bbox 1453 4975 1619 5043; x_wconf 83' lang='lat' dir='ltr'><strong>Alexand.</strong></span> <span class='ocrx_word' id='word_1_495' title='bbox 1635 4977 1665 5043; x_wconf 87' lang='grc'><strong>3.</strong></span> <span class='ocrx_word' id='word_1_496' title='bbox 1695 4973 1746 5042; x_wconf 81' lang='lat' dir='ltr'><strong>Cf.</strong></span> <span class='ocrx_word' id='word_1_497' title='bbox 1763 4976 1867 5042; x_wconf 70' lang='lat' dir='ltr'><strong>onae.</strong></span> <span class='ocrx_word' id='word_1_498' title='bbox 1887 4977 1920 5043; x_wconf 88' lang='lat' dir='ltr'><strong>iu</strong></span> <span class='ocrx_word' id='word_1_499' title='bbox 1943 5001 1975 5046; x_wconf 89' lang='lat' dir='ltr'><strong>v.</strong></span> <span class='ocrx_word' id='word_1_500' title='bbox 1996 4981 2139 5048; x_wconf 79' lang='lat' dir='ltr'><strong>rationo·</strong></span> 
     </span>
     <span class='ocr_line' id='line_1_43' title="bbox 455 5075 2139 5170; baseline 0.001 -22"><span class='ocrx_word' id='word_1_501' title='bbox 455 5083 508 5158; x_wconf 85' lang='grc'><strong>74)</strong></span> <span class='ocrx_word' id='word_1_502' title='bbox 552 5081 664 5148; x_wconf 87' lang='lat' dir='ltr'><strong>Inane.</strong></span> <span class='ocrx_word' id='word_1_503' title='bbox 678 5081 708 5147; x_wconf 84' lang='grc'><strong>3.</strong></span> <span class='ocrx_word' id='word_1_504' title='bbox 727 5078 779 5146; x_wconf 83' lang='lat' dir='ltr'><strong>Ol.</strong></span> <span class='ocrx_word' id='word_1_505' title='bbox 797 5079 903 5144; x_wconf 67' lang='lat' dir='ltr'><strong>Glari.</strong></span> <span class='ocrx_word' id='word_1_506' title='bbox 920 5080 954 5144; x_wconf 91' lang='lat' dir='ltr'><strong>in</strong></span> <span class='ocrx_word' id='word_1_507' title='bbox 968 5100 1000 5144; x_wconf 87' lang='lat' dir='ltr'><strong>v.</strong></span> <span class='ocrx_word' id='word_1_508' title='bbox 1018 5081 1241 5148; x_wconf 88' lang='lat' dir='ltr'><strong>excommnni·</strong></span> <span class='ocrx_word' id='word_1_509' title='bbox 1313 5075 1422 5158; x_wconf 74' lang='lat' dir='ltr'><strong>biles,</strong></span> <span class='ocrx_word' id='word_1_510' title='bbox 1436 5078 1470 5144; x_wconf 92' lang='lat' dir='ltr'><strong>in</strong></span> <span class='ocrx_word' id='word_1_511' title='bbox 1484 5098 1517 5146; x_wconf 83' lang='lat' dir='ltr'><strong>v.</strong></span> <span class='ocrx_word' id='word_1_512' title='bbox 1531 5077 1650 5144; x_wconf 88' lang='lat' dir='ltr'><strong>nullae.</strong></span> <span class='ocrx_word' id='word_1_513' title='bbox 1667 5088 1700 5143; x_wconf 89' lang='lat' dir='ltr'><strong>et</strong></span> <span class='ocrx_word' id='word_1_514' title='bbox 1714 5081 1747 5145; x_wconf 91' lang='lat' dir='ltr'><strong>in</strong></span> <span class='ocrx_word' id='word_1_515' title='bbox 1762 5100 1794 5146; x_wconf 86' lang='lat' dir='ltr'><strong>v.</strong></span> <span class='ocrx_word' id='word_1_516' title='bbox 1804 5081 1970 5148; x_wconf 87' lang='lat' dir='ltr'><strong>eredimus</strong></span> <span class='ocrx_word' id='word_1_517' title='bbox 1983 5103 2139 5170; x_wconf 70' lang='lat' dir='ltr'><strong>nomam.</strong></span> 
     </span>
     <span class='ocr_line' id='line_1_44' title="bbox 414 5177 1776 5262; baseline -0.002 -9"><span class='ocrx_word' id='word_1_518' title='bbox 414 5183 564 5253; x_wconf 84' lang='lat' dir='ltr'><strong>cationis.</strong></span> <span class='ocrx_word' id='word_1_519' title='bbox 1354 5177 1413 5262; x_wconf 83' lang='lat'><strong>81)</strong></span> <span class='ocrx_word' id='word_1_520' title='bbox 1455 5186 1583 5246; x_wconf 59' lang='lat' dir='ltr'><strong>iudaea.</strong></span> <span class='ocrx_word' id='word_1_521' title='bbox 1599 5215 1641 5230; x_wconf 92' lang='lat'><strong>-·</strong></span> <span class='ocrx_word' id='word_1_522' title='bbox 1656 5179 1696 5248; x_wconf 91' lang='grc' dir='ltr'><strong>Β.</strong></span> <span class='ocrx_word' id='word_1_523' title='bbox 1710 5202 1776 5251; x_wconf 87' lang='lat' dir='ltr'><strong>orn.</strong></span> 
     </span>
     <span class='ocr_line' id='line_1_45' title="bbox 454 5279 1241 5372; baseline -0.003 -19"><span class='ocrx_word' id='word_1_524' title='bbox 454 5287 511 5363; x_wconf 82' lang='grc'><strong>75)</strong></span> <span class='ocrx_word' id='word_1_525' title='bbox 556 5283 695 5372; x_wconf 81' lang='lat' dir='ltr'><strong>Gregor.</strong></span> <span class='ocrx_word' id='word_1_526' title='bbox 710 5281 741 5349; x_wconf 88' lang='grc'><strong>9.</strong></span> <span class='ocrx_word' id='word_1_527' title='bbox 772 5279 824 5350; x_wconf 76' lang='lat' dir='ltr'><strong>(ll.</strong></span> <span class='ocrx_word' id='word_1_528' title='bbox 850 5283 955 5348; x_wconf 79' lang='lat' dir='ltr'><strong>Gloaa.</strong></span> <span class='ocrx_word' id='word_1_529' title='bbox 978 5283 1015 5360; x_wconf 86' lang='lat' dir='ltr'><strong>in</strong></span> <span class='ocrx_word' id='word_1_530' title='bbox 1031 5303 1063 5350; x_wconf 87' lang='lat' dir='ltr'><strong>v.</strong></span> <span class='ocrx_word' id='word_1_531' title='bbox 1087 5283 1241 5370; x_wconf 82' lang='lat' dir='ltr'><strong>cognitio.</strong></span> 
     </span>
    </p>
   </div>
   <div class='ocr_carea' id='block_1_4' title="bbox 0 0 2412 5956">
    <p class='ocr_par' dir='ltr' id='par_1_7' title="bbox 0 0 2412 5956">
     <span class='ocr_line' id='line_1_46' title="bbox 0 0 2412 5956; baseline 0 0"><span class='ocrx_word' id='word_1_532' title='bbox 0 0 2412 5956; x_wconf 95' lang='lat' dir='ltr'><strong> </strong></span> 
     </span>
    </p>
   </div>
  </div>
 </body>
</html>
