4782 5960
372 550 439 620 358
961 539 1097 607 Gratiae
1113 538 1155 604 de
1170 536 1320 604 indiciae.
1335 538 1407 604 ord.
1435 536 1474 602 P.
1488 535 1520 602 1.

374 743 414 816 0.
428 737 466 814 5.
490 733 603 839 q..tt.
618 727 671 840 ¹⁵)
700 731 778 808 ol.
795 729 833 803 1.
849 741 885 804 et
901 727 939 802 5.
990 730 1037 802 Et
1073 727 1142 799 alia
1175 726 1280 827 plora
1307 724 1551 818 attendantur,
1586 751 1676 826 qnae
1708 727 1746 800 in
1770 725 1895 800 libello
1925 725 2102 801 Taneredi

373 855 559 943 ponuntur
586 842 622 911 in
650 841 703 910 tit.
730 835 775 908 de
801 833 1075 906 reconventione
1091 822 1155 930 19).
1208 830 1265 902 Fit
1298 831 1388 901 enim
1421 831 1649 901 reconventio
1682 843 1764 903 ante
1800 829 1899 902 litem
1926 842 2104 902 contesta-

375 960 469 1038 tam,
498 946 563 1015 nisi
590 967 670 1013 reus
696 938 766 1010 lroc
792 944 1022 1034 protestetur.
1074 935 1183 1004 Facta
1210 957 1296 1024 ergo
1326 933 1559 1026 responsione
1587 957 1606 1000 a
1634 957 1694 1004 reo
1722 957 1831 1028 snper
1856 930 1980 1004 libello
2007 944 2106 1005 aeto·

376 1050 427 1122 ris
455 1058 491 1118 et
517 1047 578 1118 lite
605 1044 759 1136 legitime
786 1049 1003 1129 contestata,
1039 1045 1140 1135 apter
1167 1044 1361 1106 conventus
1381 1036 1428 1122 ¹⁷)
1456 1033 1670 1130 respondere
1700 1045 1840 1107 tenetur
1865 1035 1972 1106 simili
1998 1034 2105 1108 modo
2191 1073 2195 1088 ·

343 1150 535 1250 spetitioni
564 1147 628 1237 rei,
655 1140 927 1240 comprehensae
955 1140 991 1208 in
1013 1161 1080 1208 suo
1106 1135 1241 1228 libello,
1270 1135 1364 1206 litem
1389 1136 1636 1208 contestando.
1676 1138 1723 1209 Et
1748 1148 1874 1234 postea
1902 1161 2027 1210 canses
2053 1137 2106 1208 ri·

377 1255 492 1326 cissim
518 1245 765 1320 tractabuntur
791 1241 976 1340 usquead
1004 1237 1130 1332 linem,
1165 1237 1287 1330 regula
1314 1236 1374 1307 illa
1402 1251 1564 1332 servata,
1601 1237 1698 1338 quod
1725 1241 1787 1336 qui
1813 1240 1913 1336 prior
1933 1238 2105 1336 appellat,

377 1355 477 1453 prior
500 1362 583 1444 agat
608 1361 674 1422 etc.
699 1361 739 1418 ut
763 1347 810 1417 Χ.
839 1347 880 1417 G.
904 1343 949 1414 de
974 1353 1060 1414 mot.
1088 1353 1159 1438 pet.
1177 1338 1216 1432 1,
1238 1338 1275 1410 4.
1304 1365 1369 1436 per
1404 1350 1532 1412 totnm.
1565 1352 1601 1415 et
1634 1341 1680 1414 de
1706 1341 1782 1414 ord.
1811 1366 1915 1435 cogn.
1927 1339 1965 1434 1,
1988 1339 2050 1414 10.
2076 1367 2107 1414 c.
2153 1401 2159 1414 .

379 1484 457 1531 cnm
482 1454 646 1527 dilectus.
667 1447 703 1522 1.
736 1446 843 1520 etde
869 1469 974 1518 eausa
1006 1469 1105 1540 poss.
1122 1440 1234 1537 1,11.
1262 1468 1292 1514 c.
1308 1438 1341 1513 l.
1357 1439 1406 1538 18)
1459 1443 1505 1514 Et
1538 1446 1570 1515 si
1604 1457 1705 1515 actor
1734 1469 1806 1515 non
1840 1442 1918 1514 vult
1948 1442 2019 1515 sibi
2053 1470 2107 1517 re·

380 1557 578 1658 spondere,
607 1579 680 1626 noo
705 1553 846 1644 cogitur
871 1549 907 1619 in
932 1545 1121 1644 praealleg.
1150 1546 1281 1616 decret.
1308 1543 1353 1614 de
1380 1553 1463 1614 mut.
1489 1557 1561 1641 pet.
1576 1542 1615 1637 1,
1633 1544 1670 1617 4.
1698 1571 1729 1618 c.
1744 1543 1778 1618 1.
1796 1545 1843 1643 ¹9)

296 1667 378 1772 μ,
480 1659 515 1756 ἓ.
567 1658 605 1728 Si
621 1680 703 1727 vero
720 1677 803 1725 reos
821 1675 892 1720 non
906 1649 1019 1746 possit
1034 1659 1190 1718 actorem
1203 1646 1443 1736 reconvenire,
1472 1647 1529 1718 vel
1545 1649 1649 1721 etiam
1664 1647 1774 1741 nolit,
1802 1646 2017 1746 respondeat
2047 1673 2109 1746 pe·

380 1763 499 1837 titioni
525 1761 655 1832 actoris
681 1753 839 1826 subhac
864 1750 1065 1848 lorma²⁰lz
1106 1749 1231 1843 „litem
1258 1747 1489 1820 contestando
1516 1775 1608 1844 nego
1637 1751 1672 1821 in
1700 1749 1823 1824 libello
1850 1749 2014 1848 posita”,
2052 1749 2110 1824 vel

381 1862 570 1962 „nescio”,
608 1859 663 1931 vel
694 1883 794 1950 „non
822 1853 928 1926 credo
960 1879 1015 1924 me
1048 1853 1159 1924 teneri
1191 1849 1236 1922 ad
1265 1849 1480 1947 proedicta'’,
1516 1852 1571 1926 rel
1599 1878 1664 1950 per
1689 1853 1814 1924 similia
1839 1851 1959 1926 verba.
2009 1855 2109 1924 llaec

381 1978 502 2040 antem
529 1964 642 2035 forme
672 1960 768 2032 litem
796 1953 1015 2029 contestandi
1041 1952 1218 2053 probatur
1246 1955 1293 2024 Χ.
1321 1955 1363 2026 0.
1389 1951 1434 2023 de
1460 1965 1543 2027 rest.
1572 1951 1717 2052 111011,
1734 1951 1796 2026 15.
1823 1981 1854 2027 c.
1879 1981 1960 2026 eum
1986 1955 2031 2028 ad
2054 1980 2108 2027 se·

382 2069 474 2142 dem.
492 2064 613 2156 1521)

334 2183 367 2252 lt
485 2169 673 2242 Praeterea
689 2163 801 2252 scias,
830 2159 924 2258 qnod
939 2158 1011 2232 litis
1027 2159 1239 2230 contestatio
1255 2159 1296 2234 lit
1309 2161 1357 2251 ²²)
1375 2171 1446 2232 tam
1461 2156 1505 2229 ad
1519 2159 1826 2252 interrogationem
1838 2159 1978 2253 indicis,
2003 2183 2110 2258 quam

383 2272 494 2374 partis
525 2270 713 2358 adversae,
748 2265 796 2336 Χ.
823 2264 865 2334 G.
889 2262 933 2333 de
959 2257 1187 2354 1011111.
1214 2285 1244 2332 c.
1271 2273 1389 2360 prout.
1402 2261 1439 2333 4.
1457 2258 1531 2362 ²³),
1566 2264 1635 2334 imo
1662 2287 1726 2358 per
1754 2263 2022 2358 responsionem
2050 2261 2112 2332 ed·

383 2376 510 2450 vocati.
535 2373 583 2443 Χ.
609 2372 652 2441 G.
684 2367 727 2440 de
762 2362 892 2461 appell.
906 2359 1016 2454 1,18.
1047 2389 1077 2436 c.
1111 2389 1191 2434 cum
1226 2389 1376 2436 censam.
1393 2361 1455 2434 61.
1474 2364 1522 2454 ²⁴)
1554 2401 1603 2416 -
1656 2363 1726 2434 Sed
1755 2364 1927 2462 numquid
1959 2389 2024 2461 per
2055 2389 2111 2436 re·

384 2472 611 2576 sponsionem
638 2468 868 2567 peremtorias
901 2467 1118 2563 exceptionis
1151 2462 1259 2538 habet
1291 2467 1367 2538 lieri
1405 2466 1476 2538 litis
1511 2466 1720 2538 contestatio
1737 2465 1812 2558 ²⁵st
1872 2468 1982 2561 Arg„
2016 2465 2112 2565 qnod

385 2582 458 2672 sic,
496 2580 533 2650 in
569 2575 699 2646 decret
730 2579 848 2666 prout.
880 2577 916 2640 et
942 2593 972 2638 c.
998 2593 1075 2640 cnm
1108 2591 1260 2640 cansam.
1312 2567 1383 2640 Sed
1410 2577 1533 2640 contra
1560 2560 1634 2674 (x.
1661 2557 1734 2670 G.)
1766 2567 1812 2644 de
1839 2568 1941 2641 elect.
1964 2565 2002 2662 l,
2017 2567 2054 2640 6.
2079 2595 2110 2640 c.

335 2704 370 2757 eo
386 2682 530 2756 dodum.
547 2675 610 2748 54.
637 2671 689 2772 (§
703 2671 755 2762 5.)
778 2669 826 2768 26)
880 2669 1030 2740 Solutio.
1059 2669 1196 2742 Diversi
1222 2669 1362 2744 diversa
1395 2671 1549 2742 sentiunt
1580 2671 1617 2740 in
1650 2667 1720 2742 hoe
1750 2695 1846 2744 casn.
1897 2672 1945 2742 Et
1969 2671 2111 2769 quidam

384 2781 535 2875 habent,
586 2775 696 2877 qnod,
726 2774 801 2870 sic,
847 2796 913 2869 per
945 2773 1058 2867 prima
1090 2770 1161 2842 duo
1194 2772 1289 2867 inra3
1334 2785 1370 2845 et
1410 2772 1573 2871 quidam,
1614 2770 1713 2870 qnod
1753 2799 1846 2866 non,
1891 2773 1987 2871 qnod
2022 2773 2109 2846 milri

387 2885 504 2984 placet
529 2881 661 2974 magis,
700 2902 745 2948 ex
778 2901 838 2957 eo,
878 2871 977 2973 quod
1003 2899 1067 2970 per
1093 2874 1525 2971 exceptionemindiciom
1560 2874 1716 2947 ordinari
1742 2875 1899 2968 legitime
1933 2900 2005 2950 non
2031 2887 2110 2972 pot·

387 2999 454 3059 est.
482 2997 522 3057 nt
549 2984 596 3054 Χ.
626 2984 669 3053 G.
699 2979 744 3050 de
769 2977 850 3048 foro
877 2999 989 3070 comp.
1004 2972 1042 3069 1,
1057 2972 1091 3047 1.
1121 3001 1152 3048 c.
1182 2979 1211 3046 si
1238 2975 1398 3050 clericus.
1415 2973 1450 3047 5.
1463 2965 1516 3079 27)
1551 2989 1586 3049 et
1612 3003 1641 3048 e.
1664 3003 1709 3049 ex
1734 2974 1976 3075 parte-15²⁸)
2005 2990 2041 3050 et
2065 2977 2111 3050 de

389 3087 467 3162 ord.
495 3080 651 3179 cogn-2,
670 3078 730 3152 10.
758 3106 787 3151 c.
816 3104 894 3152 cnm
920 3077 1082 3149 dilectus.
1099 3074 1135 3147 1.
1149 3067 1225 3181 29),
1253 3090 1289 3151 et
1313 3079 1439 3152 melios
1464 3076 1569 3151 hodie
1596 3071 1791 3185 dicitur30)
1820 3104 1884 3176 per
1899 3077 2030 3154 decret
2047 3107 2110 3153 no·

338 3215 372 3266 25
391 3211 609 3286 vam,1qoae
632 3183 753 3278 incipit
777 3179 1059 3275 „exceptionis”
1081 3177 1130 3276 31)
1183 3248 1187 3260 ,

492 3291 579 3380 Quis
604 3288 650 3360 sit
674 3285 818 3356 effectus
846 3283 917 3354 litis
944 3283 1230 3376 contestationis,
1259 3282 1466 3358 Teneredns
1491 3283 1623 3380 optime
1649 3281 1734 3356 dicit
1758 3285 1795 3354 in
1819 3308 1887 3356 sno
1913 3281 2036 3356 libello
2052 3285 2112 3375 32).

305 3396 390 3500 §.4
492 3391 527 3491 5
543 3381 596 3494 ³³)
648 3389 738 3459 Viso
766 3385 811 3458 de
835 3385 909 3456 litis
938 3386 1212 3479 contestatione,
1256 3411 1345 3484 qrrae
1372 3383 1412 3458 lit
1438 3409 1501 3481 per
1526 3385 1739 3484 principales
1770 3411 1961 3483 personas,
1998 3385 2115 3458 videa·

390 3519 469 3572 mne
496 3494 541 3565 de
570 3515 629 3583 ee,
656 3513 746 3588 qnae
771 3487 812 3560 lit
837 3513 902 3584 per
928 3499 1178 3584 procuratores
1187 3537 1207 3590 ,ι
1228 3486 1394 3587 spadices
1421 3481 1653 3561 selectores.

389 3758 541 3815 nostrum
562 3742 606 3806 de
627 3738 787 3824 spirituali
805 3757 909 3802 censa
928 3757 1041 3804 coram
1061 3736 1149 3804 laico
1167 3741 1218 3804 in·
1288 3749 1384 3807 state.

393 3850 469 3917 dice
485 3845 575 3912 hand
591 3841 764 3908 tractanda
778 3837 924 3905 locutum
933 3859 1022 3906 esse.
1041 3837 1092 3905 01.
1104 3844 1217 3906 nane.
1329 3841 1388 3917 15)
1429 3845 1493 3904 litte
1507 3847 1697 3906 contestatio.
1713 3877 1757 3892 -·
1770 3841 1810 3906 B.
1825 3841 1901 3907 „lite
1915 3845 2044 3907 conte.”

392 3961 478 4036 pert.
493 3950 525 4013 1.
540 3948 587 4012 tit.
605 3943 654 4010 19.
672 3941 701 4029 §.
716 3944 746 4008 1.
765 3944 828 4008 sub
842 3939 866 4007 1.
1374 3941 1426 4009 01.
1444 3943 1548 4008 Gloae.
1569 3943 1614 4008 ed
1632 3963 1662 4008 c.
1682 3943 1814 4009 dudum.
1828 3941 1918 4009 infre
1930 3942 1954 4008 1.
1968 3944 2002 4008 in
2016 3964 2046 4008 v.
2060 3964 2116 4010 re·

437 4050 495 4134 15)
538 4071 564 4132 q.
581 4051 630 4112 11.
650 4044 714 4127 (cl.
735 4049 845 4110 Tener.
860 4043 883 4112 l.
899 4041 922 4112 l.
946 4043 978 4132 §.
994 4045 1024 4110 1.
1039 4050 1108 4130 pr.)
1125 4045 1220 4112 -B.
1290 4047 1517 4130 sponsionem.

362 4167 449 4241 seq.
466 4151 540 4216 1Χ”
1333 4143 1392 4229 16)
1438 4147 1577 4232 Gregor.
1593 4145 1625 4214 9.

440 4253 498 4335 16)
541 4257 627 4335 part.
642 4249 674 4314 1.
688 4249 734 4314 tit.
751 4248 801 4314 19.
1332 4247 1392 4330 17)
1434 4247 1598 4313 Alexand.
1612 4248 1645 4314 3.

439 4356 496 4437 17)
540 4359 770 4415 etinveniun-
787 4349 826 4414 B.
842 4351 1088 4416 „convenitne”
1146 4428 1150 4438 ι
1331 4349 1390 4433 18)
1434 4350 1557 4416 Honor.
1573 4349 1604 4414 3.
1634 4348 1686 4417 01.
1713 4350 1818 4416 Gtors.
1840 4351 1874 4416 in
1895 4373 1927 4418 r.
1950 4355 2117 4439 exceptio·

440 4455 497 4538 18)
540 4454 606 4518 lsta
630 4473 673 4517 ex
689 4455 802 4516 Tener.
818 4451 838 4516 1.
854 4449 876 4516 l.
899 4450 931 4539 ς.
945 4453 975 4516 4.
990 4473 1109 4536 parom
1122 4473 1223 4521 acen·
1290 4452 1388 4518 nibns
1404 4450 1490 4518 eliis.
1505 4471 1595 4517 vers.
1610 4453 1687 4517 item
1701 4451 1787 4520 haec
1802 4453 2013 4538 exception
2026 4475 2098 4555 seq.

396 4568 468 4624 rate
483 4557 685 4639 transcripte
699 4573 779 4620 esse
793 4553 956 4620 videntur.
1333 4552 1392 4636 19)
1435 4553 1545 4620 lnnoc.
1560 4553 1591 4619 3.
1616 4553 1667 4620 01.
1686 4555 1789 4618 Gtoas.
1805 4555 1839 4622 in
1854 4577 1885 4622 v.
1901 4557 2117 4640 exceptionis.

348 4675 382 4726 10
444 4657 501 4741 19)
545 4655 596 4722 01.
615 4659 726 4720 Tener.
741 4654 763 4720 l.
778 4653 801 4719 l.
818 4652 848 4740 §.
863 4655 893 4720 5.
1334 4653 1393 4735 30)
1439 4660 1561 4718 dieitur.
1577 4691 1621 4703 -
1634 4655 1674 4720 B.
1690 4659 1789 4723 „rui”
1807 4658 1998 4738 (introituri)

438 4761 497 4834 19)
540 4758 580 4821 Β.
595 4759 696 4824 inser.
712 4755 923 4840 „Responsio
945 4755 1048 4824 libelli
1068 4754 1126 4824 lite
1146 4777 1224 4824 con·
1335 4753 1393 4833 31)
1437 4763 1637 4836 receptionis.
1660 4758 1715 4838 (B.
1738 4761 1961 4842 „exceptoi.”)
1985 4781 2014 4826 c.
2031 4759 2060 4828 1.
2076 4761 2119 4826 de

397 4862 568 4930 „testata”
1243 4931 1245 4934 .
1292 4855 1339 4922 lit
1355 4857 1489 4922 contin
1505 4857 1557 4923 6⁰.
1575 4859 1608 4941 1,
1622 4860 1654 4925 3.
1669 4880 1713 4926 ex
1726 4881 1817 4927 conc
1832 4861 1986 4948 Lngdnn.
2006 4861 2119 4928 lnnoc.

439 4965 497 5040 11)
540 4961 652 5028 Innoc.
663 4959 695 5026 3.
714 4957 765 5026 01.
779 4960 886 5025 coen.
902 4957 936 5024 in
950 4978 982 5024 v.
995 4979 1060 5025 nec
1075 4961 1226 5029 credere.
1293 4959 1325 5023 4.
1342 4955 1392 5023 01.
1410 4959 1515 5027 Gloee.
1531 4961 1565 5026 in
1579 4981 1610 5026 v.
1626 4983 1692 5026 non
1707 4961 1874 5044 impediat.

440 5065 501 5139 11)
539 5069 582 5148 fit.
599 5061 642 5128 ab
667 5061 742 5128 eB.
1334 5061 1394 5142 32)
1441 5063 1550 5130 Tener.
1567 5073 1651 5146 pert.
1668 5061 1698 5128 3.
1713 5063 1758 5128 tit.
1776 5063 1804 5130 1.
1821 5062 1851 5149 §.
1865 5061 1896 5128 6.

341 5187 382 5257 ,ιιι
442 5167 501 5248 11)
543 5164 713 5230 Urbant.
743 5161 795 5226 01.
814 5161 917 5226 Glosa.
934 5163 966 5228 in
981 5183 1013 5228 v.
1026 5163 1180 5246 instante.
1335 5160 1395 5245 33)
1438 5162 1478 5227 Β.
1493 5164 1593 5228 inser.
1612 5164 1684 5231 „De
1698 5163 1754 5230 lit'.
1771 5166 1871 5231 cont’
1886 5185 1948 5250 per
1961 5187 2118 5252 procura·

441 5267 499 5350 11)
542 5263 665 5333 Honor.
680 5264 712 5329 9.
743 5259 795 5328 01.
814 5263 918 5328 Gloae.
940 5265 974 5330 in
993 5283 1025 5332 v.
1046 5263 1090 5332 lis
1113 5273 1225 5332 conte·
1294 5273 1407 5332 atores
1422 5275 1455 5332 et
1467 5266 1632 5332 actores.”
