4800 5954
403 579 466 646 000
998 571 1166 640 Tanoredi
1180 570 1251 638 ord.
1266 570 1427 638 iudiciarii
1439 571 1475 638 P.
1490 571 1521 638 3.

405 781 530 868 postea
568 765 672 840 obiici
705 771 845 861 potest,
881 773 922 833 at
945 761 993 832 Χ.
1017 757 1055 833 5.
1085 761 1129 834 de
1161 772 1253 833 scat.
1287 772 1323 834 et
1358 787 1398 836 re
1429 758 1553 854 1000,
1573 758 1632 835 18.
1666 789 1697 836 0.
1738 765 1831 836 inter
1863 765 2124 840 monasteriam.

406 870 467 946 10.
484 873 552 964 3⁸),
583 869 649 942 nisi
673 868 709 938 in
737 863 947 965 quibusdam
975 861 1116 936 casibus
1141 865 1274 936 notatis
1296 889 1409 962 supra
1439 865 1476 936 in
1500 864 1605 937 titulo
1626 865 1671 938 de
1699 859 1964 962 exceptionibus
1979 868 2049 967 ³⁷),
2075 907 2127 924 -

404 976 487 1046 itam
513 971 712 1045 mandatum
737 967 963 1065 procuratori
988 966 1110 1038 datum
1134 965 1229 1038 faeta
1253 965 1325 1037 litis
1353 967 1607 1040 contestatione
1635 993 1715 1039 cum
1739 993 1785 1040 eo
1818 979 1943 1067 postea
1968 971 2128 1044 revocari

405 1102 479 1148 non
503 1085 641 1173 potest,
681 1073 748 1142 nisi
780 1070 886 1141 certis
914 1080 951 1142 et
974 1069 1076 1139 iustis
1101 1068 1241 1159 000010,
1283 1093 1377 1166 quae
1408 1079 1577 1140 notantur
1600 1071 1682 1165 urg.
1713 1069 1758 1144 de
1783 1082 1963 1168 procurat.
1978 1070 2019 1165 5,
2035 1069 2072 1144 5.
2100 1071 2125 1144 l.

372 1191 491 1276 apost
514 1178 611 1249 litem
638 1182 880 1245 contestatam.
897 1167 957 1242 17.
983 1181 1019 1242 ct
1046 1168 1275 1268 sequentihus
1306 1168 1539 1264 10010005-
1564 1172 1667 1264 item,
1700 1183 1741 1244 ut
1765 1184 1978 1270 procurator
2003 1185 2040 1247 et
2067 1185 2125 1246 tu·

404 1296 462 1354 tor
489 1290 573 1375 post
597 1277 695 1348 litem
722 1283 955 1347 contestatam
980 1283 1248 1370 procuratorem
1275 1273 1489 1346 constituere
1514 1273 1664 1371 possint,
1690 1284 1733 1344 ut
1758 1275 1845 1348 000.
1873 1275 1918 1348 00
1943 1287 2124 1372 procurat.

403 1379 521 1475 015.
548 1378 574 1451 1.
600 1374 820 1476 nequalia
852 1415 898 1432 -
925 1377 1031 1469 item,
1058 1385 1097 1446 ut
1124 1373 1307 1466 delegatus
1332 1373 1377 1446 ab
1402 1376 1485 1467 alio,
1506 1401 1617 1473 'quam
1645 1401 1665 1446 a
1688 1378 1799 1473 prinei
1828 1402 1860 1470 e,
1887 1401 2028 1450 eausam
2054 1376 2125 1452 sibi

403 1485 600 1576 delegatam
633 1480 752 1578 possit
783 1477 841 1548 aiii
876 1476 1058 1570 delegare,
1102 1474 1306 1570 arg.X.5.
1333 1476 1493 1548 deserat.
1520 1403 2124 1570 statuuatdmmumttenot-

402 1582 611 1677 00011330
637 1625 688 1641 -
711 1581 814 1671 item,
837 1591 878 1650 ut
903 1592 1023 1650 mutua
1047 1579 1279 1650 reconventio
1307 1590 1435 1671 cesset,
1459 1580 1552 1651 sicut
1573 1579 1710 1653 dictum
1734 1592 1789 1652 est
1814 1605 1924 1679 supra
1947 1583 2051 1654 titulo
2079 1582 2124 1654 de

354 1713 386 1762 to
404 1681 821 1780 reconventionibus³⁰);
846 1723 897 1738 --
921 1683 1003 1752 item
1028 1693 1070 1752 ut
1096 1681 1326 1750 iuramentum
1354 1681 1546 1754 calumniae
1570 1694 1781 1779 praestetur.
1808 1696 1849 1754 at
1874 1685 1921 1754 X.
1935 1681 1974 1755 5.
2001 1684 2045 1755 de
2071 1686 2122 1756 ia·

401 1817 487 1862 ram.
516 1787 582 1860 cal.
598 1783 634 1879 1,
651 1782 713 1856 06.
740 1809 770 1856 0.
797 1807 856 1854 00.
870 1781 940 1880 ⁴⁰),
965 1823 1016 1838 -
1042 1784 1123 1854 item
1147 1795 1186 1854 ut
1211 1794 1321 1852 testes
1344 1785 1574 1879 recipiantur,
1604 1800 1639 1856 et
1665 1782 1710 1854 ad
1736 1784 1954 1857 diffinitivam
1981 1799 2122 1857 senten·

402 1896 486 1964 tium
513 1888 748 1988 procedatur,
792 1884 889 1984 quod
917 1896 998 1957 ante
1024 1885 1096 1956 litis
1124 1885 1414 1958 contestationem
1436 1885 1516 1957 tieri
1537 1912 1614 1958 non
1640 1897 1779 1983 potest,
1818 1884 1978 1959 01Χο.
2005 1900 2045 1960 ut
2069 1887 2124 1960 lit.

402 2146 599 2209 „tentionem
619 2139 795 2224 possessio
818 2136 1132 2224 intenupta'iuerit”
1159 2133 1227 2218 (iii.
1297 2155 1466 2222 „praesen
1481 2137 1534 2220 41,
1549 2137 1577 2204 3.
1608 2137 1630 2204 l.
1659 2137 1745 2204 intra
1773 2149 1924 2225 quatuor.
1942 2139 2012 2204 10.”
2050 2137 2120 2218 (01.

401 2246 433 2310 0.
463 2245 525 2319 »0.
548 2264 576 2310 s.
598 2263 661 2326 per
681 2239 820 2308 naturai.
841 2241 1112 2324 interruptionem
1134 2259 1227 2322 poss.
1299 2241 1507 2306 01000100.
1530 2241 1781 2306 denuntiatione.
1802 2261 1890 2306 vers.
1908 2241 1965 2306 vei
1987 2241 2039 2306 dic
2059 2259 2121 2326 per

402 2346 553 2412 „mrhata
563 2343 716 2424 saerit”),
733 2364 773 2408 „a
787 2344 840 2408 010
856 2354 1075 2428 recuperatae
1089 2360 1227 2427 posses·
1296 2344 1609 2423 contestationem),
1631 2363 1758 2429 „usque
1773 2344 1877 2423 adeo,
1898 2354 1938 2410 ut
1951 2343 1983 2410 ei
1997 2353 2121 2408 tanturn

402 2451 526 2516 »sionis
541 2446 618 2512 novi
632 2443 674 2508 30
688 2444 765 2509 0001
780 2447 814 2510 10
825 2445 978 2510 omnibus
993 2443 1227 2528 praescriptio·
1297 2445 1431 2529 »prosit
1447 2448 1502 2528 qui
1518 2443 1606 2508 litam
1621 2455 1823 2510 contestatur
1836 2465 1876 2510 eo
1892 2446 2017 2525 animo,
2032 2447 2121 2530 qood

368 2574 383 2620 5
403 2551 518 2615 001000
530 2546 806 2612 numerabantura
828 2548 856 2610 si
872 2556 982 2612 autern
996 2567 1058 2629 per
1072 2544 1228 2610 litiseon·
1297 2564 1391 2610 »eam
1414 2545 1515 2610 ducat
1533 2545 1575 2610 00
1597 2545 1713 2626 tineam
1742 2547 1806 2612 nisi
1835 2546 2030 2629 impediatur
2059 2567 2121 2631 per

400 2651 640 2728 attestationem,
662 2649 704 2712 ab
719 2646 831 2711 ultimo
847 2648 899 2711 dia
914 2647 1005 2731 litigii
1019 2648 1063 2712 tu
1075 2646 1153 2712 arani
1167 2667 1227 2710 au·
1297 2666 1419 2714 „casus
1437 2643 1604 2723 fortuitos3
1633 2647 1717 2713 alias
1737 2667 1805 2712 non
1824 2649 1980 2731 prodest,
2009 2667 2079 2732 arg.
2098 2669 2121 2714 a
2228 2721 2232 2734 ,

401 2749 665 2820 „morabuntur”
684 2783 726 2796 -·-
752 2747 814 2812 Ed.
828 2748 902 2813 03.
918 2751 948 2814 1.
965 2771 1028 2814 00.
1049 2783 1092 2796 -·-
1116 2747 1179 2812 Ed.
1193 2745 1225 2812 3.
1297 2757 1420 2814 scontr.
1435 2766 1539 2812 sensu
1551 2745 1632 2813 000.
1649 2751 1690 2815 00
1702 2767 1854 2833 praescr.
1869 2747 1912 2813 30
1926 2767 2002 2812 aun.
2016 2749 2049 2828 7,
2061 2747 2118 2814 39.

402 2855 458 2919 „in
488 2853 695 2934 usucapione
724 2851 789 2916 duo
819 2851 1088 2928 considerantur,
1125 2847 1228 2915 davor
1295 2848 1335 2914 ai.
1351 2847 1429 2914 ult'‘
1467 2846 1541 2928 (01.
1559 2850 1665 2914 Gtorr.
1679 2853 1714 2917 10
1728 2871 1761 2916 v.
1775 2849 1989 2928 humanae.);
2020 2850 2118 2916 „item

402 2954 625 3040 „possidentis
640 2953 797 3018 etodium
814 2953 1051 3036 competentia,
1079 2951 1112 3016 in
1128 2971 1225 3035 prae·
1295 2951 1455 3036 „prodest
1474 2949 1540 3016 litis
1561 2952 1753 3018 contestatio
1769 2961 1897 3018 tanturn
1915 2952 1951 3016 ei
1969 2962 2003 3018 et
2021 2953 2120 3020 inter·

352 3074 383 3124 to
402 3055 602 3140 »soripdona
630 3075 730 3119 unum
765 3053 898 3134 saitem,
934 3053 1087 3119 videlicet
1113 3053 1226 3118 odium
1294 3053 1434 3138 „rumpit
1454 3055 1769 3138 praescriptionem,
1798 3054 1929 3139 quando
1951 3052 1986 3118 iit
2005 3074 2120 3120 corana

402 3179 489 3226 „non
511 3156 663 3242 petentis.
686 3167 721 3220 ut
736 3154 818 3220 000.
833 3157 875 3221 00
892 3155 944 3220 00.
960 3157 1025 3220 div.
1039 3154 1140 3220 Hadr.
1152 3151 1224 3218 toll.
1294 3176 1377 3222 „suo
1399 3153 1517 3219 iudice.
1541 3165 1576 3218 ut
1595 3154 1678 3220 000.
1696 3175 1740 3220 ne
1768 3155 1810 3220 de
1833 3164 1907 3220 stat.
1927 3153 2117 3237 defuncti,

402 3263 453 3339 nii,
469 3258 521 3323 33.
535 3258 557 3323 i.
572 3256 677 3322 ult-in
694 3255 739 3320 t'.”
769 3254 843 3328 (01.
867 3257 970 3320 Gloas.
991 3256 1024 3320 in
1039 3275 1076 3322 a.
1098 3275 1139 3320 ex
1158 3275 1226 3320 uua
1294 3257 1365 3323 2221.
1383 3254 1405 3322 1.
1421 3255 1565 3339 penult.’'
1580 3255 1646 3336 (01.
1665 3256 1768 3322 01000.
1785 3257 1818 3322 10
1834 3280 1865 3351 v,
1881 3265 2013 3335 status.)

400 3373 505 3447 parte.
521 3360 646 3424 etinv.
662 3365 881 3443 exutroque.)
899 3357 1148 3440 eliminantem,
1163 3377 1226 3422 cur
1335 3356 1394 3440 30)
1437 3357 1590 3422 ceux
1607 3357 1646 3424 G.
1662 3378 1692 3422 0.
1707 3369 1728 3422 t.
1743 3358 1775 3439 0,
1790 3358 1841 3422 07.
1857 3357 1967 3425 innoc.
1982 3360 2013 3424 3.

401 3461 516 3528 „favor
535 3459 735 3544 intelligatur
752 3461 786 3524 ia
803 3460 1014 3543 usucapione
1036 3468 1076 3525 et
1103 3479 1168 3524 non
1190 3461 1226 3524 in
1378 3459 1440 3523 Ed.
1455 3458 1486 3524 3.
1502 3460 1577 3524 000.
1593 3470 1646 3523 net
1660 3460 1701 3526 X.
1719 3457 1760 3526 G.
1775 3461 1818 3524 de
1834 3473 1962 3544 except.
1977 3463 2010 3542 0,
2021 3462 2073 3530 25.
2087 3483 2116 3529 c.

351 3579 382 3628 15
402 3562 702 3648 „praescriptione
729 3562 936 3646 assignatur:
952 3562 1224 3647 0000010000-
1294 3559 1570 3644 »0001000110.1.”
1592 3575 1634 3640 (0.
1649 3559 1681 3626 3.
1699 3561 1744 3626 Χ.
1760 3561 1791 3626 3.
1806 3581 1835 3626 0.
1853 3563 1922 3643 00,
1935 3563 1984 3628 lii.
2006 3563 2117 3630 innoc.

401 3666 515 3744 abilis,
551 3685 650 3748 quam
686 3663 949 3747 praescriptione
978 3665 1225 3747 consequimur,
1292 3659 1340 3744 3.)
1357 3660 1409 3727 01.
1426 3664 1532 3726 Glosa.
1548 3665 1624 3728 inv.
1639 3664 1859 3746 postmodum.

399 3767 535 3833 ariobiiis
551 3775 604 3830 est
618 3767 802 3849 possessio.
832 3764 956 3843 Porro,
979 3765 1035 3830 u'bi
1049 3765 1225 3848 possessio
1335 3762 1394 3847 37)
1443 3763 1517 3832 tto.
1532 3775 1617 3848 pert.
1629 3765 1659 3828 0.
1673 3765 1719 3830 tit.
1731 3764 1765 3828 5.
1781 3763 1811 3852 §.
1829 3767 1856 3830 l.

398 3870 680 3952 »interrumpitum
710 3868 742 3934 id
764 3865 799 3932 tit
817 3876 872 3932 aut
884 3864 1094 3945 naturaliter,
1125 3885 1225 3930 occu·
1378 3863 1433 3930 Rt.
1447 3867 1478 3930 0.
1493 3867 1568 3932 add.
1591 3867 1653 3934 „Et
1667 3865 1764 3932 hodie
1779 3869 1857 3932 dicit
1870 3888 1956 3934 nova
1970 3869 2118 3936 decreta·

399 3975 568 4054 spatione,
598 3968 764 4054 corporali
788 3968 837 4032 rei
861 3968 1067 4046 detentione,
1097 3967 1173 4030 item
1196 3964 1226 4030 si
1295 3965 1371 4046 alis,
1389 3967 1475 4053 quod
1491 3969 1707 4052 exceptiones
1722 3968 1889 4036 dilatoriae
1904 3979 2026 4036 tanturn
2042 3983 2117 4036 aute

350 4085 383 4137 20
397 4074 518 4157 alonge
531 4083 681 4156 tempore
696 4071 860 4136 omittatur
872 4069 1066 4154 possessio,
1085 4065 1226 4153 aliisque
1296 4069 1379 4138 alitis
1403 4070 1674 4137 contestationem
1701 4073 1823 4138 debent
1849 4073 1999 4155 proponi.
2021 4084 2057 4138 ut
2074 4073 2116 4138 X.

401 4174 544 4249 „naodisa
563 4185 598 4238 at
612 4173 677 4238 hoc
690 4182 790 4238 nocet
804 4183 837 4237 et
851 4173 989 4257 prodest
997 4169 1174 4248 omnibus,
1190 4177 1226 4233 ut
1295 4171 1355 4236 aG.
1386 4171 1427 4234 de
1456 4169 1578 4256 appell.
1593 4172 1624 4252 0,
1640 4170 1692 4238 08.
1721 4193 1749 4238 0.
1780 4195 1855 4238 cum
1881 4193 2025 4240 0000001.
2041 4174 2116 4240 00.”

401 4277 497 4362 ..lup
515 4276 556 4341 de
571 4295 710 4358 usucap.
725 4275 778 4354 41,
793 4271 823 4338 3.
844 4272 868 4338 i.
882 4271 1075 4340 naturaiiter
1095 4269 1139 4347 ὅς
1170 4279 1227 4334 aut
1293 4271 1416 4338 Honor.
1431 4271 1463 4338 3.

398 4379 452 4442 „fit
468 4377 625 4458 civiliter,
646 4388 685 4441 ut
698 4373 800 4440 1100111
814 4374 977 4440 oblatione
991 4375 1024 4438 in
1042 4371 1226 4438 actionibus
1330 4373 1394 4458 38)
1439 4373 1858 4456 atonescam.
1887 4377 2115 4446 10000301

401 4479 613 4558 sanantibus,
643 4497 729 4564 qaae
759 4479 992 4563 interruptione
1020 4475 1079 4542 taii
1105 4494 1226 4557 parpe-
1297 4476 1401 4540 Gtosa.
1416 4476 1451 4540 in
1465 4499 1497 4541 v.
1513 4479 1797 4544 committentibus.
2075 4471 2082 4484 ’

350 4591 382 4640 25
400 4595 559 4648 amamur.
586 4579 673 4645 000.
693 4577 813 4665 quand.
836 4584 937 4652 libell.
957 4577 1096 4664 princip.
1115 4574 1226 4654 obit,
1375 4577 1454 4641 eu.
1497 4578 1593 4644 0000.
1625 4577 1662 4642 A.
1689 4579 1728 4646 E.
1755 4580 1832 4646 add.
1857 4581 1948 4648 „See
1983 4594 2115 4650 contra·

401 4684 472 4750 000·
484 4683 567 4758 100
581 4684 658 4746 item
672 4680 738 4745 litis
749 4672 992 4744 contestatione
1006 4676 1226 4761 praescriptio
1295 4680 1397 4746 00000
1413 4688 1464 4744 est
1478 4697 1602 4744 veruna.
1618 4688 1654 4744 ut
1667 4679 1708 4744 X.
1726 4680 1766 4748 0.
1783 4683 1824 4746 00
1838 4681 1957 4765 appell.
1971 4683 2005 4762 0,
2018 4684 2072 4750 08.
2083 4703 2116 4750 0.

401 4786 686 4868 ..101000000οη
701 4791 735 4846 et
748 4777 917 4845 11100000(
931 4777 1041 4842 locum
1057 4780 1091 4842 in
1106 4795 1225 4862 perpe·
1295 4799 1553 4846 namucensem.
1568 4779 1641 4846 00.”
1660 4781 1826 4850 Hauon&
1850 4781 1899 4848 01
1917 4785 2022 4850 Gtoar.
2035 4787 2069 4850 in
2085 4805 2115 4850 v.

400 4891 482 4954 utaris
498 4885 698 4963 renonibus,
724 4893 761 4948 ut
775 4881 857 4947 Cod.
873 4879 915 4944 00
927 4899 1078 4962 praescr.
1092 4876 1135 4941 30
1149 4899 1225 4960 ann.
1296 4881 1479 4966 delegatus.

402 4982 852 5068 „i,39.l.sieutinrem.3.'’
870 4978 934 5056 (01.
952 4981 1147 5048 Glaesiae.
1164 5001 1226 5064 per
1336 4981 1397 5062 39)
1442 4983 1514 5050 Vid.
1529 4995 1613 5071 port.
1628 4987 1660 5051 0.
1676 4986 1721 5050 tit.
1738 4983 1788 5050 19.
1803 4983 1833 5072 §
1848 4985 1879 5052 3.

351 5109 384 5160 ao
403 5101 642 5157 exsecutorem.
666 5097 700 5150 et
720 5086 764 5150 101
784 5085 882 5150 addit.
899 5079 1004 5161 101.);
1034 5091 1224 5148 »attentum
1334 5084 1393 5168 40)
1437 5105 1466 5150 0.
1500 5109 1574 5154 cunr
1607 5107 1752 5152 causam.
1776 5087 1808 5154 0.
1837 5089 1878 5154 Χ.
1899 5089 1942 5154 G.
1959 5109 1987 5154 e.
2003 5099 2023 5154 t.
2039 5091 2071 5168 0,
2085 5093 2114 5157 7.

402 5193 558 5278 „prodest
572 5193 622 5268 ei,
652 5187 707 5274 qai
720 5185 818 5265 iacit,
847 5185 959 5270 iiiique
979 5184 1074 5248 obest
1086 5194 1224 5264 tanturn,
1292 5185 1446 5252 100003

404 5307 538 5362 „cenna
561 5311 659 5376 quem
673 5287 725 5367 iit,
757 5297 791 5351 ut
811 5286 886 5370 Diga
914 5285 955 5352 de
982 5284 1105 5352 divers.
1124 5297 1224 5372 temp.
