4770 5962
386 567 451 634 376
971 557 1165 624 Gradaede
1180 557 1330 624 iudieier.
1346 557 1417 624 ord.
1447 556 1484 624 P:
1499 559 1531 623 3.

390 757 502 854 „milri
513 746 567 860 ²4)
607 751 780 826 audientis
804 748 936 842 detur,
976 750 1013 821 in
1051 744 1212 847 quolibet
1231 749 1395 822 articulo
1430 748 1692 824 demonstrabo.
1743 751 1841 824 Dixit
1867 751 1958 824 enim
1984 751 2114 850 primo,

391 861 515 960 „quod
541 883 625 958 pars
655 853 827 953 quaedam
856 851 970 925 luerat
998 853 1161 924 conl'essa
1189 853 1225 922 in
1253 851 1351 944 iure,
1392 866 1540 950 propter
1571 853 1669 951 quod
1704 856 1781 952 ipse
1806 880 1916 950 super
1941 855 2114 926 confessis

392 963 630 1058 „sententiam
654 956 869 1055 postulavit,
894 955 958 1028 sed
985 979 1094 1051 quere
1121 979 1191 1024 nun
1222 957 1390 1050 respexit,
1419 955 1515 1052 quod
1543 982 1626 1053 pars
1654 958 1742 1052 ipsa,
1771 958 1943 1054 quidquid
1970 981 2035 1054 per
2061 983 2116 1029 er·

392 1091 537 1160 „rorem
563 1064 598 1134 in
625 1064 698 1131 iure
731 1057 914 1146 contessa,
952 1070 1032 1129 ante
1065 1057 1203 1128 linitum
1240 1059 1420 1148 negotium
1446 1070 1560 1129 totum
1585 1059 1785 1130 revocavit?
1828 1058 1923 1158 quud
1947 1061 1980 1130 ei
2007 1060 2116 1131 licuit.

360 1169 469 1264 5„X.
497 1169 538 1238 li.
571 1164 616 1235 dc
649 1152 857 1252 conles's.2,
874 1158 933 1230 l8.
965 1187 995 1232 c.
1031 1160 1096 1230 ult.
1114 1157 1163 1255 35)
1222 1160 1314 1228 Item
1349 1161 1444 1230 nisus
1485 1172 1540 1232 est
1575 1160 1724 1232 fundare
1756 1162 1984 1233 intentionem
2020 1185 2116 1234 suam

393 1295 485 1367 „per
509 1264 681 1365 quaedam
710 1267 962 1353 iustrumenta,
1006 1287 1095 1359 qnae
1129 1284 1211 1356 pars
1245 1285 1310 1330 sun
1344 1262 1414 1332 luit
1440 1287 1528 1332 ausa
1555 1262 1753 1359 producere
1781 1266 1816 1333 in
1841 1264 2012 1358 medium3
2053 1261 2117 1334 sed

393 1382 537 1466 „certe,
564 1369 594 1438 si
619 1367 834 1464 respexisset
859 1389 921 1457 ea,
955 1389 1046 1460 qsrae
1072 1362 1296 1434 eontinentur
1322 1363 1357 1432 in
1384 1365 1454 1454 eis,
1489 1389 1530 1436 ea
1557 1391 1630 1436 non
1655 1365 1905 1460 produxisset,
1940 1391 2019 1437 cum
2043 1367 2118 1436 sint

393 1483 570 1572 „propter
603 1493 746 1540 rasuras
772 1478 954 1562 suspectas
983 1478 1019 1536 et
1053 1465 1293 1535 interlineares
1320 1467 1541 1561 scripturas,
1577 1469 1649 1538 imo
1676 1479 1770 1539 certe
1796 1480 1974 1565 umquam
2001 1467 2118 1538 falsis-

393 1578 508 1670 „sime
530 1571 737 1668 respuenda.
780 1573 869 1640 Item
900 1570 997 1638 nisus
1026 1579 1080 1638 est
1106 1591 1169 1663 per
1197 1566 1372 1662 quosdam
1396 1579 1507 1640 testes
1535 1569 1687 1664 probare
1712 1569 1756 1640 de
1784 1570 2005 1642 matrimonio
2032 1595 2117 1640 con-

346 1702 378 1755 to
395 1687 552 1773 „tracto,
578 1676 668 1746 sicut
694 1675 770 1768 ipse
796 1671 899 1762 dixit,
925 1669 1276 1764 inmrt1.2⁶)etlt.,
1304 1694 1458 1768 quorum
1484 1673 1588 1742 vitam
1616 1684 1651 1742 et
1677 1671 1803 1742 famam
1830 1673 1982 1744 sirecte
2008 1673 2118 1768 respi·

394 1791 541 1876 „ceret,
580 1801 770 1872 numquam
800 1799 861 1844 eos
886 1774 923 1841 in
949 1781 1059 1843 testes
1085 1770 1311 1865 adduxisset,
1353 1773 1416 1870 qui
1450 1775 1540 1844 enim
1574 1773 1652 1844 vult
1687 1785 1812 1845 contra
1847 1773 1951 1845 alium
1985 1771 2120 1871 aliquid

396 1904 582 1977 „asserere
614 1879 836 1954 innocentem
871 1864 1003 1975 etc.²⁷)
1038 1883 1078 1942 ut
1104 1873 1149 1942 X.
1177 1874 1218 1944 G.
1254 1872 1298 1943 de
1331 1887 1467 1970 except.
1481 1872 1519 1967 3,
1537 1872 1597 1946 35.
1629 1901 1660 1946 c.
1695 1875 1858 1973 denique.
1874 1873 1907 1946 1.
1921 1875 1970 1974 23)
2004 1889 2041 1948 et
2074 1875 2119 1946 de

396 1983 502 2078 „ord
536 2004 638 2070 cogn.
656 1975 769 2062 210.
806 2002 835 2048 c.
872 2001 949 2047 cum
984 1974 1145 2047 dilectus.
1162 1972 1197 2043 3.
1228 1973 1286 2072 (ὅ.
1300 1971 1353 2066 1.)
1370 1977 1418 2066 23)
1457 1988 1493 2048 et
1525 1977 1570 2048 de
1604 1975 1855 2071 restituae.
1892 2004 1922 2049 c.
1958 1977 2119 2049 testimo·

396 2087 530 2180 „nium
545 2079 607 2155 53.
628 2078 687 2178 33).
739 2081 827 2150 Cum
853 2078 945 2148 enim
975 2077 1077 2174 primi
1111 2088 1217 2150 testes
1248 2075 1403 2172 probare
1436 2077 1618 2171 videntur,
1654 2105 1718 2176 per
1744 2079 1850 2152 verba
1875 2079 1920 2151 de
1943 2078 2120 2177 praesenti
2169 2085 2172 2090 ’

348 2203 381 2256 15
399 2183 686 2282 „matrimonium
701 2191 920 2254 contractum
935 2179 1044 2250 luisse
1061 2180 1245 2271 intereos,
1270 2189 1305 2250 ct
1325 2179 1399 2250 duo
1424 2205 1468 2251 ex
1488 2182 1575 2278 ipsis
1598 2183 1668 2254 sint
1680 2182 1820 2254 vinculo
1841 2182 2120 2256 excommunica·

397 2288 529 2383 „tionis
548 2283 727 2376 adstricti,
753 2273 880 2384 alii31)
898 2283 1004 2352 variis
1024 2279 1225 2352 criminibus
1244 2283 1392 2374 irretiti,
1423 2285 1604 2380 quomodo
1624 2309 1684 2356 eos
1706 2285 1903 2380 producere
1923 2308 2029 2356 ausus
2045 2284 2120 2366 tuit.

397 2417 504 2487 „cum
521 2387 605 2459 nibil
621 2412 685 2483 per
701 2411 762 2458 eos
777 2386 892 2481 possit
906 2381 1074 2479 probari?
1108 2386 1195 2454 Item
1212 2385 1309 2454 nisus
1324 2397 1377 2454 est
1389 2383 1543 2481 probare
1561 2412 1626 2482 per
1639 2386 1811 2483 quosdam
1826 2387 1926 2478 alios,
1955 2385 2054 2483 quod
2069 2386 2119 2457 di·

398 2507 505 2588 „ctus
523 2492 572 2562 Ill.
601 2490 717 2560 dictae
738 2487 779 2558 Β.
805 2485 953 2557 dederat
977 2485 1164 2578 annulum,
1190 2486 1252 2557 sed
1279 2484 1363 2556 nibil
1391 2512 1455 2582 per
1481 2512 1543 2559 eos
1573 2487 1747 2583 probavit,
1773 2515 1855 2561 enm
1872 2495 1964 2560 uuus
1980 2487 2119 2578 dixerit,

396 2593 522 2695 „quod
549 2591 617 2664 boc
643 2591 711 2661 l'uit
742 2590 779 2660 in
804 2587 919 2658 medio
947 2586 1257 2686 quadragesimae,
1290 2599 1329 2659 et
1355 2589 1444 2658 alius
1470 2589 1576 2682 dixit,
1612 2590 1709 2686 quod
1736 2603 1821 2687 poet
1846 2591 1976 2688 pusnlm
2003 2615 2119 2662 resur·

347 2713 382 2767 2⁰
400 2695 613 2792 „rectiouis,
640 2704 677 2765 et
704 2690 794 2762 alter
819 2689 926 2782 dixit,
954 2689 1051 2788 quod
1080 2715 1153 2760 non
1183 2687 1436 2762 recordabatur
1463 2691 1585 2788 plene,
1608 2693 1693 2763 item
1719 2705 1756 2764 et
1776 2694 1866 2764 alius
1891 2692 1997 2785 dixit,
2023 2691 2120 2790 qnod

395 2800 491 2894 „luit
516 2795 681 2866 indomo
709 2791 872 2863 avunculi
897 2792 972 2885 sui,
1013 2804 1049 2863 et
1075 2791 1186 2885 alter,
1222 2791 1320 2889 quod
1347 2792 1383 2862 in
1409 2793 1515 2865 domo
1543 2797 1708 2890 propris,
1744 2808 1779 2868 et
1805 2795 1916 2887 alins,
1962 2795 2059 2893 quod
2084 2796 2120 2864 in

397 2900 495 2995 „alia
520 2899 638 2969 domo.
689 2897 754 2967 IIis
781 2919 866 2986 ergo
893 2893 1094 2990 plenissime
1119 2893 1320 2992 reprobetis
1353 2907 1389 2966 ct
1415 2895 1614 2968 adnihilatis
1642 2896 1761 2968 taliter
1787 2900 1939 2995 petimus
1970 2895 2016 2968 ah
2045 2899 2121 2969 eius

398 3001 644 3100 „impetitione
668 2995 839 3068 absolvi?
854 2997 901 3086 ³²)
1043 3003 1046 3017 '

425 3146 433 3154 -
500 3103 567 3192 His
601 3102 708 3194 igitur
737 3098 936 3196 praemissis
969 3094 1084 3170 adbuc
1116 3109 1241 3191 surgat
1276 3099 1471 3178 advocatus
1502 3099 1652 3191 acturis,
1701 3113 1737 3174 et
1770 3099 1867 3198 quod
1900 3100 2119 3174 adversarius

349 3225 382 3279 ²5
402 3207 501 3278 nisus
517 3214 572 3276 est
588 3198 839 3299 destruere³³)‚
866 3199 1247 3293 nitaturreaedifieare,
1273 3203 1534 3299 sicincipiens:
1560 3201 1862 3294 „Adulationibus
1883 3227 1955 3276 non
1979 3205 2119 3294 insisto,

398 3333 505 3403 „cum
530 3304 762 3404 prohibeatur
787 3328 807 3372 a
832 3303 928 3394 iure,
955 3328 1028 3396 arg.
1056 3303 1146 3373 nist.
1163 3299 1226 3374 tlt.
1253 3329 1282 3374 e.
1309 3316 1393 3375 sunt
1419 3305 1589 3375 nonnulli.
1604 3301 1640 3376 Β.
1671 3316 1706 3377 et
1731 3331 1764 3377 c.
1790 3305 1946 3378 clericus.
1960 3304 2019 3398 5.;
2050 3331 2120 3377 non

399 3409 535 3504 „credo
560 3419 697 3499 tamen,
731 3431 811 3477 cum
836 3404 985 3500 praelati
1011 3416 1047 3476 et
1073 3404 1139 3475 riri
1164 3407 1374 3478 sanctissimi
1401 3407 1498 3498 sitis,
1530 3407 1561 3478 si
1589 3430 1708 3478 coram
1734 3405 1835 3479 vobis
1861 3406 1930 3480 boc
1956 3408 2120 3500 dicerem,

399 3509 525 3610 „quod
551 3508 651 3580 vobis
678 3509 780 3580 liceat
812 3504 1069 3578 adulationibus
1095 3505 1284 3598 delectari,
1331 3535 1429 3599 eum,
1469 3511 1561 3579 sieut
1592 3509 1682 3581 dixit
1714 3522 1850 3603 canon,
1892 3509 1978 3582 nihil
2002 3509 2119 3596 estttt

399 3615 490 3708 „illo
514 3623 658 3710 pastore
687 3611 869 3702 miserius,
912 3610 973 3707 qui
1002 3608 1169 3705 luporum
1186 3609 1235 3701 ³⁵)
1262 3609 1522 3682 adulationibus
1555 3622 1590 3682 et
1616 3610 1779 3683 laudibus
1806 3613 1997 3706 gloriatur,
2032 3613 2121 3683 nist.

350 3735 384 3790 to
402 3712 491 3812 „85.
519 3741 550 3786 c.
575 3713 656 3806 lin.;
698 3724 734 3782 ct
766 3736 848 3781 vere
883 3710 989 3807 lupus
1021 3722 1096 3803 est,
1133 3712 1197 3808 qni
1228 3735 1292 3783 vos
1324 3714 1360 3783 in
1393 3715 1447 3782 via
1483 3713 1637 3785 iustitiae
1671 3714 1796 3784 nititur
1827 3715 2014 3812 impedire,
2050 3715 2120 3787 imo

400 3819 531 3916 „quasi
559 3816 667 3912 lupus
693 3822 769 3904 est,
805 3811 842 3881 id
867 3824 920 3886 est
944 3837 1074 3908 pravus
1102 3811 1268 3906 allicitur,
1302 3815 1362 3912 qni
1384 3815 1472 3911 lupo
1501 3840 1572 3886 non
1599 3815 1742 3888 resistit.
1764 3813 1929 3888 bist85.
1951 3844 1981 3890 c.
2007 3842 2120 3890 error.

401 3919 466 4014 „ib
493 3919 539 3990 X.
558 3921 600 3991 G.
628 3915 672 3986 de
699 3911 817 3986 testib.
834 3907 949 4005 220.
976 3939 1007 3986 c.
1034 3915 1247 3987 constitutis.
1267 3912 1301 3986 1.
1331 3913 1406 3998 (db.
1424 3915 1492 3986 sub
1509 3917 1548 4006 l'.)
1565 3915 1613 4006 33)
1642 3927 1678 3989 et
1704 3917 1748 3990 de
1775 3916 1937 3992 bomieid.
1954 3916 1992 4011 5,
2009 3915 2065 3990 13.
2091 3943 2121 3992 c.

401 4022 522 4118 „sicut
546 4020 700 4114 dignum.
715 4013 751 4092 6.
780 4013 837 4119 (5.
857 4012 915 4110 3.)
931 4017 980 4107 37)
1033 4015 1263 4090 Cessontibns
1290 4043 1375 4090 vcro
1407 4017 1688 4114 adulationibus,
1729 4017 1852 4114 vobis,
1890 4022 2058 4116 magister
2070 4007 2121 4108 33)

442 4374 502 4457 34)
544 4375 627 4436 mitt.
641 4407 680 4418 -
695 4369 731 4435 Β.
750 4369 817 4436 „i”
1296 4382 1390 4440 tasse
1408 4375 1495 4440 „dno
1511 4373 1613 4454 alit.”‚
1641 4379 1677 4439 nt
1695 4373 1729 4439 in
1749 4395 1822 4461 seq.
1837 4375 2004 4444 adversae
2018 4378 2122 4464 pertis

444 4473 503 4557 33)
547 4471 734 4559 Gregorii.
1297 4479 1529 4560 responsione.
1545 4495 1621 4561 pag.
1636 4475 1709 4541 377.
1734 4493 1824 4543 vers.
1839 4475 1890 4544 28.
1909 4477 1963 4545 39.

443 4574 503 4658 36)
547 4578 593 4638 Μ.
610 4611 650 4622 -
664 4573 705 4640 Β.
722 4573 782 4660 ,ej-’⁹
1339 4576 1398 4661 32)
1440 4578 1480 4643 B.
1503 4581 1606 4646 inser.
1626 4579 1667 4643 ed
1693 4597 1766 4664 seq.
1788 4589 1931 4644 contest.
1955 4579 2123 4657 „Quutur

445 4675 505 4759 27)
547 4675 568 4740 i.
583 4696 616 4761 q.
629 4675 754 4761 iraseq.
768 4694 797 4740 e.
813 4675 966 4762 deniqne.
989 4696 1077 4744 nnon
1091 4685 1229 4744 estere·
1298 4679 1500 4746 „advocatus
1514 4680 1637 4745 actoris
1653 4679 1774 4745 debeat
1786 4680 2035 4750 reaedificare’t
2070 4702 2074 4711 ·

371 4776 571 4856 sedendum
604 4787 722 4842 contre
755 4774 841 4843 alios
869 4799 985 4844 eornm
1013 4776 1229 4860 confessioni,
1339 4781 1398 4858 33)
1442 4787 1612 4847 destruere.
1629 4817 1670 4830 -
1683 4781 1722 4848 Β.
1739 4786 1986 4852 „mostuene”

403 4879 488 4947 „nui
502 4877 596 4964 prius
611 4895 650 4944 se
664 4878 880 4962 probaverint
892 4879 1117 4948 innocentes.”
1238 4944 1239 4947 ,
1337 4883 1398 4966 at)
1441 4892 1496 4948 ert.
1511 4915 1553 4934 -
1566 4882 1607 4950 Β.
1622 4884 1705 4948 sin.'’

444 4980 507 5059 38)
551 4977 729 5046 Goelesti'n.
743 4981 776 5046 3.
1338 4983 1397 5068 35)
1441 4990 1594 5066 luporum.
1610 5019 1653 5034 -·-
1666 4984 1707 5052 B.
1723 4973 1882 5072 slnp⁹si.”

444 5081 503 5165 39)
545 5081 658 5182 Innoo.
672 5082 704 5148 3.
1340 5085 1399 5170 36)
1442 5087 1554 5153 1ιιιιοο.
1568 5086 1600 5152 3.

445 5179 503 5266 30)
546 5181 689 5268 Gregor.
704 5181 735 5254 9.
1340 5186 1399 5271 37)
1441 5187 1603 5256 Alexand.
1618 5187 1649 5254 3.

356 5307 389 5360 to
446 5281 507 5369 31)
549 5288 614 5349 ulit.
642 5319 685 5334 -
711 5282 752 5351 B.
775 5284 902 5354 „alite”
930 5323 972 5336 -
1000 5285 1149 5372 Legend.
1164 5283 1230 5352 lor·
1340 5287 1399 5373 38)
1441 5297 1597 5373 mmm.
1613 5325 1654 5340 -
1667 5290 1708 5358 Β.
1724 5299 1881 5382 „maga”
2029 5337 2039 5355 .
