4782 5960
396 593 464 660 342
976 583 1111 652 Gratiae
1126 583 1168 648 de
1183 582 1333 650 iudiciar.
1349 584 1422 651 ord.
1450 581 1489 648 P.
1505 581 1535 648 1.

400 784 495 856 citati
509 780 554 853 de
569 805 692 876 magna
708 779 884 879 aequitate
898 777 991 850 ultra
1009 775 1196 850 terminum
1213 780 1472 869 exspectentur.
1524 770 1594 844 Sed
1616 797 1678 846 reo
1700 783 1917 871 exspectato,
1946 787 2117 872 quantum

401 886 516 956 visum
528 883 639 956 ‘fuerit
661 883 787 976 iudici,
819 893 941 953 contra
955 882 1071 976 ipsum
1087 890 1265 973 tamquam
1279 883 1402 947 contra
1419 886 1658 947 contumacem
1675 875 1867 971 procedere
1884 903 1953 948 non
1968 877 2118 948 omittat.

317 1004 402 1110 §.AE
504 984 539 1084 ἓ.
592 989 719 1059 Forma
745 1011 850 1076 vero,
877 981 1068 1055 secundnm
1095 1004 1198 1076 qnam
1228 975 1430 1073 proceditur
1454 977 1490 1046 in
1517 975 1586 1049 hoc
1612 977 1774 1070 articulo,
1802 975 1892 1056 bene
1916 980 2062 1074 ponitur
2085 979 2121 1048 io

404 1088 526 1160 libello
553 1087 727 1161 Tancredi
754 1090 789 1156 in
816 1085 939 1159 eodem
966 1084 1071 1155 titulo
1092 1082 1152 1176 5⁴²).
1206 1077 1277 1156 Sed
1303 1078 1386 1175 qula
1411 1079 1559 1151 intentio
1584 1104 1661 1151 mea
1688 1093 1761 1172 cst,
1796 1079 1927 1152 iudices
1956 1081 1999 1152 de
2024 1080 2119 1154 lacto

369 1197 597 1282 &instrucre,
626 1195 661 1262 et
687 1190 839 1289 qualiter
865 1189 901 1259 in
926 1185 1059 1258 talibus
1088 1181 1338 1280 pronuntient,
1366 1191 1402 1252 et
1427 1179 1559 1277 quibus
1583 1178 1701 1254 verbis
1728 1184 1764 1254 iu
1789 1181 1987 1254 huiusmodi
2012 1183 2119 1256 inter·

401 1294 586 1368 locutoriis
609 1291 761 1366 debeant
785 1290 914 1363 iudices
941 1291 1012 1382 uti,
1052 1298 1087 1358 et
1113 1285 1261 1358 maxime
1293 1282 1425 1374 ignaris
1458 1284 1546 1354 iuris
1577 1281 1734 1372 breviter
1765 1283 1999 1358 ostendamus.
2049 1284 2119 1358 Sed

401 1397 583 1489 distingne
600 1422 679 1467 cum
707 1396 874 1487 magistro
902 1389 1105 1464 Tancredo:
1147 1398 1206 1458 aut
1233 1396 1288 1457 est
1314 1395 1504 1456 contumax
1529 1386 1567 1457 in
1598 1411 1702 1459 cansa
1729 1386 1898 1460 criminali
1923 1397 1985 1459 ant
2012 1389 2048 1458 in
2074 1389 2121 1460 ci·

403 1501 479 1594 vili3
506 1501 588 1572 item
616 1510 676 1568 ant
702 1508 783 1569 ante
808 1496 905 1568 litem
933 1502 1164 1567 contestatam
1179 1491 1226 1580 55)
1253 1497 1316 1558 ant
1343 1496 1437 1583 post.

504 1600 607 1670 -si
633 1601 669 1671 in
697 1622 801 1671 causa
829 1596 998 1670 criminali
1024 1604 1060 1667 et
1084 1604 1165 1664 ante
1190 1589 1288 1662 litem
1310 1597 1557 1680 contestatam,
1584 1591 1905 1664 excommunicetur
1930 1592 2122 1664 secundum

355 1724 387 1778 ιο
403 1728 565 1780 meones.
592 1702 632 1775 C.
649 1700 686 1773 cl.
712 1697 797 1798 qli.
825 1727 854 1772 c.
881 1699 1052 1798 quisquis.
1086 1680 1203 1797 (uu.)
1232 1692 1280 1764 lit
1306 1688 1374 1762 hoc
1398 1687 1506 1763 modo
1532 1691 1609 1763 liat:
1637 1693 1795 1786 „Nestor
1810 1684 1884 1799 ⁵⁶),
1912 1694 1977 1766 nei
2011 1695 2122 1787 gratia

404 1807 603 1904 „Aretinus
633 1805 823 1900 episcopus
851 1813 917 1875 etc.
943 1802 1033 1873 Cum
1057 1794 1244 1895 presbyter
1267 1792 1309 1862 Ρ.
1337 1791 1465 1862 detali
1492 1791 1573 1864 loco
1600 1792 1729 1867 luisset
1753 1797 1789 1865 in
1817 1794 1996 1896 nostra57)
2022 1819 2122 1893 prae·

403 1910 545 2005 „sentia
572 1907 806 1998 constitutus,
848 1930 868 1976 a
895 1900 1105 2000 presbytero
1129 1899 1172 1970 G.
1201 1894 1334 1969 detali
1360 1893 1441 1966 loco
1471 1917 1579 1991 super
1606 1898 1712 1967 variis
1739 1895 1961 1990 criminibus,
1988 1898 2122 1972 scilicet
2153 1907 2159 1922 ’

405 2011 600 2106 „simonia,
642 2007 799 2105 periurio
825 2018 891 2078 etc.
918 2015 1133 2092 accusatos,
1166 2000 1305 2094 etipse
1332 2021 1404 2068 non
1429 1995 1547 2067 solum
1576 1997 1729 2071 noluerit
1748 2025 1834 2080 ,cum
1860 1999 2059 2074 adversario
2086 2001 2122 2072 in

404 2112 558 2208 „iudicio
585 2111 764 2206 experiri,
802 2134 922 2180 verum
955 2131 975 2176 a
1008 2103 1206 2202 praesentia
1239 2110 1362 2172 nostra
1378 2089 1444 2199 ⁵⁸)⁴
1459 2102 1710 2172 contumaciter
1735 2100 1901 2174 recedens
1932 2129 2003 2176 non
2028 2127 2122 2176 com·

355 2233 387 2285 1⁵
405 2215 552 2312 „paruit
583 2211 833 2310 postmodum,
875 2211 977 2282 ctiam
1013 2232 1077 2304 per
1107 2203 1249 2274 nuntios
1281 2199 1487 2272 multotiens
1518 2211 1555 2272 et
1588 2212 1731 2274 nostras
1762 2203 1882 2276 literas
1915 2205 2121 2304 requisitos,

405 2319 548 2414 „ipsum
575 2316 700 2386 merito
726 2323 932 2410 reputantes
959 2319 1214 2398 contumacem,
1242 2303 1612 2376 excommnuicationis
1638 2303 1781 2378 vinculo
1806 2306 2032 2400 innodamus,
2059 2308 2122 2378 oet

405 2417 682 2515 „omnipotentis
710 2426 745 2488 et
771 2414 953 2487 beatorum
981 2408 1225 2508 apostolorum
1252 2404 1351 2476 Petri
1376 2416 1412 2476 et
1437 2403 1538 2475 Pauli
1574 2407 1783 2481 auctoritate
1809 2410 1965 2482 muniti.”
1990 2449 2042 2465 -
2067 2408 2123 2479 vel

329 2563 331 2567 ·
406 2521 523 2594 aliter:
562 2520 680 2611 „Cum
709 2517 752 2590 de
779 2514 990 2614 presbytero
1017 2513 1059 2584 P.
1085 2510 1131 2584 de
1162 2509 1224 2582 tali
1257 2507 1338 2578 loco
1373 2505 1478 2578 nobis
1512 2507 1718 2605 frequenter
1744 2509 1896 2584 luissent
1927 2512 2025 2583 varia
2057 2511 2124 2582 cri·

405 2623 525 2717 „mina
558 2622 716 2691 nuntiate
748 2630 784 2690 et
819 2619 854 2690 in
886 2627 1022 2689 tantum
1052 2614 1122 2685 iam
1156 2612 1290 2682 clamor
1322 2608 1545 2702 ascenderit,
1585 2611 1682 2707 qnod
1708 2613 1824 2708 ipsum
1856 2615 1932 2688 sine
1957 2611 2124 2686 scandalo

357 2753 391 2808 20
407 2750 508 2819 „noo
536 2747 720 2819 possemus
747 2719 874 2791 diutius
900 2719 1095 2808 sustinere,
1128 2713 1290 2785 volumus
1315 2735 1361 2782 cx
1387 2710 1505 2783 officio
1532 2727 1658 2785 nostro
1685 2711 1919 2809 descendere,
1944 2716 2125 2813 inquirere

406 2839 472 2920 „et
504 2825 623 2896 videre
656 2821 849 2896 secundum
885 2821 1034 2893 formam
1069 2840 1263 2906 canonum,
1307 2824 1426 2884 utrum
1454 2814 1662 2908 clamorem,
1705 2817 1767 2913 qui
1793 2816 1838 2889 nd
1874 2843 1941 2892 nos
1970 2827 2124 2910 venerat,

407 2954 541 3026 „opere
569 2924 800 3023 compleverit
826 2920 1014 3024 presbyter
1039 2930 1121 2991 ante
1146 2916 1274 2989 dictus.
1309 2915 1399 2988 Cum
1424 2927 1541 2987 autem
1569 2943 1633 3013 per
1658 2917 1781 2992 literas
1810 2931 1952 2992 nostras
1982 2922 2125 2992 citasse·

406 3056 513 3125 „mus
532 3028 694 3120 eundem,
722 3030 754 3100 ei
779 3027 965 3100 terminum
991 3023 1113 3116 viginti
1139 3020 1274 3090 dierum
1300 3019 1514 3114 peremtorie
1539 3019 1773 3115 assignantes,
1801 3022 1894 3093 inira
1917 3048 2023 3120 quem
2045 3047 2124 3119 per·

407 3132 603 3227 „sonaliter
629 3157 668 3205 se
693 3140 817 3202 nostro
853 3126 1061 3222 conspectui
1093 3132 1357 3219 praesentaret,
1400 3119 1478 3215 ipse
1504 3120 1676 3193 mandatis
1706 3126 1837 3196 nostris
1865 3149 2015 3198 renuens
2042 3121 2125 3196 obe·

358 3263 390 3315 25
410 3233 533 3328 „dire,
578 3259 643 3304 nec
674 3258 739 3329 per
770 3255 809 3303 se
845 3255 910 3301 nee
942 3253 1007 3326 per
1034 3226 1142 3298 alium
1168 3224 1283 3296 voluit
1315 3222 1351 3290 in
1377 3233 1500 3293 nostra
1526 3225 1724 3319 praesentia
1755 3251 1975 3324 comparerc3
2016 3249 2126 3324 qnare

409 3338 551 3432 „ipsum
569 3345 777 3432 reputantes
804 3332 931 3403 merito
958 3343 1211 3419 contumacem,
1240 3326 1612 3408 excommunicationis
1634 3328 1775 3401 vinculo
1799 3329 2018 3400 innodamus.
2040 3327 2126 3400 etc.''

409 3451 450 3509 nt
473 3464 514 3507 su
542 3461 593 3505 ra.

513 3464 615 3610 llanc
650 3536 800 3607 formam
831 3546 984 3633 poscunt
1018 3532 1150 3605 iudices
1183 3553 1346 3620 servare,
1381 3530 1412 3601 si
1444 3529 1521 3602 sola
1555 3532 1924 3606 excommunicationis
1955 3532 2127 3604 sententia

412 3640 534 3714 volunt
560 3665 638 3711 esse
665 3639 839 3730 conteuti,
882 3639 913 3708 si
946 3634 1071 3707 nolunt
1104 3633 1295 3731 procedere
1327 3630 1463 3704 scilicet
1497 3632 1540 3704 ad
1576 3633 1715 3704 testium
1750 3637 1987 3733 receptionem
2023 3633 2129 3706 etad

360 3763 393 3815 ³0
410 3743 617 3818 sententiam
648 3739 888 3833 diffinitivam,
921 3764 1000 3811 cnm
1026 3736 1094 3810 linc
1122 3738 1263 3832 possint
1289 3734 1333 3806 de
1358 3735 1444 3806 iure.
1476 3735 1524 3805 X.
1551 3735 1594 3806 G.
1623 3747 1663 3805 ut
1689 3735 1751 3808 lite
1779 3763 1849 3808 non
1876 3732 2075 3829 concoct,
2091 3733 2126 3808 6.

409 3872 439 3919 c.
467 3845 645 3945 quoniam.
660 3840 696 3915 ὅ.
723 3835 778 3947 (ss
791 3839 825 3915 5.
865 3841 915 3942 59)
962 3841 1009 3912 X
1031 3841 1073 3912 G.
1099 3840 1145 3912 de
1170 3833 1376 3930 accusat5,
1393 3834 1428 3909 1.
1454 3862 1484 3909 c.
1512 3836 1665 3936 qualiter
1698 3848 1735 3908 ct
1756 3835 2047 3936 qnando.24.⁶⁰)
2087 3838 2127 3910 C.

409 3946 504 4040 2⁶¹)
534 3975 567 4047 q.
587 3945 620 4018 l.
647 3972 676 4018 c.
703 3946 811 4017 Dens.
883 3930 963 4044 .⁶²)
1016 3942 1156 4014 Certum
1191 3952 1308 4014 tamen
1335 3941 1484 4013 formam
1520 3939 1673 4010 invenies
1710 3940 1802 4012 infra
1836 3943 1889 4014 tit.
1921 3941 1965 4010 de
1990 3949 2128 4010 senten·

410 4051 487 4144 tiis,
517 4049 709 4122 secundnm
737 4073 840 4143 qnam
875 4044 1007 4117 iudices
1045 4056 1213 4142 poterunt
1239 4045 1275 4113 in
1311 4067 1416 4115 cansa
1448 4039 1641 4141 procedere
1669 4053 1705 4112 et
1730 4042 1801 4116 line
1827 4043 1994 4114 canonico
2022 4065 2128 4135 nego·

411 4153 495 4225 tium
520 4153 706 4224 terminare
721 4149 779 4239 ⁶³).
1260 4225 1262 4228 Ι

362 4298 394 4348 35
514 4253 583 4325 Sed
617 4253 697 4352 qnia
731 4258 911 4322 crescente
946 4247 1165 4321 contumacia
1202 4272 1361 4320 crescere
1397 4246 1503 4320 debet
1529 4272 1661 4344 poena,
1700 4259 1741 4320 nt
1766 4247 1813 4318 X.
1840 4245 1883 4318 G.
1910 4256 1948 4318 ut
1972 4243 2033 4318 lite
2058 4269 2129 4317 nou

415 4429 461 4436 ..-
778 4421 864 4430 ...ιο-

453 4508 511 4589 54)
558 4501 873 4588 Toncr.part.2.tit.
891 4501 921 4566 4.
1345 4497 1406 4570 61)
1440 4501 1473 4562 0.
1490 4498 1518 4562 2.
1536 4499 1575 4562 B.
1591 4515 1655 4563 om.

454 4608 515 4680 55)
558 4613 757 4669 contestatam
781 4603 820 4667 B.
836 4622 897 4667 om.
1346 4599 1403 4677 62)
1433 4598 1780 4671 llicloeusinernincm
1796 4607 1947 4664 sonante
1960 4596 2128 4664 veremin-

455 4707 516 4778 56)
560 4710 680 4770 Nestor.
697 4742 738 4754 -
752 4703 789 4768 B.
807 4704 929 4770 „Nes”
1079 4737 1082 4750 ι
1306 4711 1478 4787 „stumque
1502 4701 1748 4785 probationem
1775 4701 1998 4767 damnandum
2029 4702 2127 4785 esse.)

455 4810 514 4890 57)
558 4816 675 4869 nostro.
692 4843 732 4852 -
746 4805 786 4870 B.
803 4805 916 4872 „m’a”
1305 4801 1541 4869 ideolandatus
1555 4813 1617 4882 cst,
1638 4814 1672 4868 ut
1680 4803 1741 4872 rite
1760 4799 2030 4888 intelligerentur,
2045 4816 2128 4883 qnae

381 4943 396 4989 5
456 4910 517 4990 58)
560 4917 674 4971 nostra.
691 4944 729 4956 -
746 4906 785 4972 Β.
802 4905 937 4990 „nega”
1247 4966 1249 4970 ⁴
1306 4925 1410 4988 supra
1425 4905 1512 4970 dicte
1531 4917 1625 4972 eunte
1658 4905 1723 4971 aad
1749 4903 1881 4970 testium
1906 4904 2130 4985 receptionem

456 5013 514 5096 59)
556 5011 666 5077 lnnoc.
683 5014 713 5076 3.
731 5005 780 5072 ef.
800 5010 903 5072 Gtoes.
918 5006 951 5070 in
968 5025 998 5070 v.
1013 5004 1193 5089 inquisitio.
1306 5009 1410 5071 „etc.‘’
1909 5044 1915 5053 -

457 5113 515 5197 60)
557 5114 651 5179 verb.
682 5111 802 5174 »debet
831 5154 864 5173 ..
894 5126 973 5172 esse
1002 5126 1165 5189 praesens
1194 5107 1236 5185 is,
1347 5105 1405 5188 63)
1434 5107 1607 5193 Vidpart.
1623 5111 1653 5172 3.
1675 5105 1721 5170 tit.
1738 5104 1766 5172 1.
1788 5126 1875 5174 vers.
1899 5115 1932 5172 et
1951 5104 2040 5170 hunc
2064 5123 2133 5168 rno-

416 5226 550 5282 „contra
564 5235 663 5302 quem
677 5209 831 5276 facienda
846 5221 898 5274 est
910 5208 1095 5293 inquisitio,
1119 5208 1183 5272 nisi
1199 5227 1237 5274 se
1307 5208 1395 5274 dum.
1410 5209 1444 5274 in
1458 5207 1480 5273 f.

417 5339 495 5402 aper
511 5314 752 5384 contumaciam
766 5310 1019 5376 absentaverit.”
1034 5311 1146 5375 innoc.
1161 5308 1191 5374 3.
