4786 5962
380 502 422 568 30
539 445 545 464 ’
961 494 1048 562 uuo
1077 496 1120 561 os
1148 497 1220 564 uu.
1248 495 1397 564 rursusi.
1439 495 1524 562 na.

381 715 523 766 necesse
549 713 690 763 causam
716 686 925 783 suspicionis
951 685 1136 758 ostendere
1169 699 1206 758 et
1230 683 1405 785 probare3
1448 684 1577 784 quibus
1611 687 1707 761 iavet
1739 688 1905 762 dominns
1932 689 2104 766 Caelesti·

381 821 447 882 nus
475 818 566 890 papa
598 793 723 864 tertius
755 789 896 881 dicens,
941 789 1039 888 quod
1073 798 1236 860 tencatur
1260 789 1341 888 quis
1359 789 1392 881 1)
1426 813 1568 862 cansam
1599 793 1809 887 suspicionis
1841 818 1959 866 caram
1993 792 2108 866 iudice

380 897 546 990 allegare,
571 920 615 966 ne
642 893 757 990 possit
783 891 869 963 alias
888 891 936 991 10)
964 916 1031 990 pro
1058 912 1141 962 suae
1167 889 1357 964 voluntatis
1383 887 1531 964 arbitrio
1557 891 1743 992 quodlibet
1769 893 1932 966 iudicium
1960 893 2109 966 frostra-

382 1001 472 1072 torie
508 997 693 1070 declinare.
720 1007 762 1066 ut
787 996 834 1066 X.
860 991 1082 1091 prudentiam
1109 1003 1175 1064 etc.
1193 995 1240 1086 11)
1268 1018 1342 1088 arg.
1369 993 1457 1088 llig.¹
1475 992 1520 1066 de
1545 993 1681 1067 liberal.
1708 1020 1821 1068 amna.
1845 994 1912 1088 40,
1941 992 2048 1070 111.
2075 998 2108 1068 si

351 1102 528 1200 spariter.
543 1095 579 1171 9.
611 1111 646 1170 et
671 1121 745 1190 arg.
773 1097 852 1190 big.
877 1096 921 1166 de
947 1093 1068 1166 arbitr.
1077 1091 1116 1187 4,
1143 1090 1179 1166 8.
1205 1095 1229 1166 t
1255 1120 1327 1168 non
1354 1092 1695 1190 distinguemnsffl.
1716 1094 1754 1195 6.
1781 1123 1859 1170 cam
1880 1096 2032 1195 qnidam.
2049 1094 2112 1170 14.

382 1217 418 1276 et
443 1204 466 1274 l.
495 1201 587 1274 licet.
603 1195 661 1273 15.
694 1211 729 1272 et
754 1200 790 1270 in
815 1197 976 1269 Decretis
1003 1197 1043 1270 0.
1060 1193 1097 1268 5.
1124 1223 1159 1295 q.
1185 1194 1221 1270 5.
1254 1224 1284 1270 c.
1313 1199 1481 1297 quoniam
1511 1199 1666 1298 suspecti
1699 1209 1735 1270 et
1768 1199 1909 1270 inimici.
1924 1195 1984 1271 15.
2036 1202 2110 1272 Ve-

382 1315 578 1378 rumtamen
600 1300 667 1375 bac
689 1312 896 1392 esttecum,
926 1309 967 1372 ut
993 1309 1065 1372 tam
1090 1298 1185 1397 in¹²)
1212 1297 1466 1392 saecularibus,
1492 1327 1600 1399 qnam
1625 1303 1662 1373 in
1687 1299 1933 1376 ecclesiasticis
1960 1300 2114 1374 sufficiat

382 1406 562 1505 dicere13)
595 1407 789 1497 ‚‚recuso''‚
829 1401 926 1472 salva
958 1424 1046 1499 pace
1078 1399 1211 1474 domini
1246 1401 1441 1476 Caelestini
1473 1401 1588 1476 bonae
1619 1403 1825 1496 memoriae,
1872 1413 1908 1475 ct
1945 1427 2016 1474 non
2053 1401 2113 1474 ba·

382 1508 465 1582 beat
491 1531 636 1580 necesse
661 1503 754 1577 aliud
776 1504 892 1576 dicere
920 1504 976 1576 vel
986 1501 1036 1599 11)
1062 1501 1231 1600 probare,
1255 1506 1349 1576 sicut
1374 1531 1486 1603 supra
1513 1505 1601 1578 satis
1629 1501 1822 1603 probatum
1849 1515 1922 1598 est3
1947 1505 2113 1601 qnoniam

334 1609 513 1683 uindices
541 1634 613 1680 non
644 1605 777 1678 debent
805 1603 1044 1700 litigatoribus
1073 1630 1150 1680 esse
1182 1607 1360 1705 suspecti,
1399 1618 1441 1680 ut
1473 1609 1511 1682 in
1537 1609 1697 1682 Decretis
1725 1603 1821 1692 05.
1849 1631 1885 1704 q.
1902 1601 1938 1676 5.
1962 1631 1992 1676 a.
2021 1631 2112 1704 quo-

370 1715 472 1784 niam
498 1710 668 1807 suspecti.
683 1704 742 1780 15.
768 1709 851 1780 item
878 1709 960 1806 qnia
988 1705 1117 1800 „cordi
1142 1707 1246 1780 nobis
1273 1721 1349 1801 est,
1393 1735 1517 1782 omnes
1551 1707 1631 1782 lites
1657 1711 1734 1780 sine
1760 1710 1960 1804 suspicione
1988 1731 2113 1805 proce-¹

382 1815 523 1908 „dere”
545 1821 584 1882 ut
610 1808 698 1882 Cod.
728 1810 773 1881 de
799 1807 926 1902 inat,
955 1805 989 1880 1.
1017 1808 1042 1881 l.
1070 1812 1290 1908 apertissimi.
1310 1807 1370 1883 16.
1385 1813 1433 1903 15)
1463 1811 1534 1884 Sed
1560 1813 1596 1881 in
1625 1812 1741 1883 causis
1771 1809 2015 1884 ecclesiasticis
2045 1807 2113 1880 boc

380 1915 560 2007 intellige,
600 1911 743 2010 quanda
769 1937 874 1984 causa
897 1909 1077 2006 delegatur
1101 1913 1324 2012 simpliciter,
1366 1913 1403 1986 id
1429 1926 1583 1986 estnon
1610 1911 1754 1984 sublata
1782 1911 2029 2010 appellationis
2056 1935 2111 1984 re·

381 2015 517 2110 medi03
555 2039 659 2088 secus
686 2039 789 2106 vero,
828 2015 860 2084 si
899 2013 1139 2110 appellatione
1175 2026 1309 2087 remota
1350 2041 1455 2088 muso
1490 2016 1722 2088 committitur
1740 2014 1809 2108 11),
1849 2015 1886 2086 in
1920 2038 1994 2111 qao
2029 2037 2114 2086 casu

187 2175 190 2186 .
335 2133 366 2183 15
386 2131 577 2216 utrumque
603 2114 811 2190 beneficium
836 2113 1040 2212 denegatur.
1056 2127 1096 2188 ut
1113 2117 1160 2188 Χ.
1174 2116 1371 2190 Alexandri
1395 2142 1508 2216 papae
1536 2118 1642 2190 tertii.
1671 2141 1779 2214 super
1805 2139 1848 2188 eo
1878 2140 1962 2188 vera
1988 2115 2115 2204 etc.¹⁷)

384 2219 456 2293 Sed
481 2233 565 2292 tunc
591 2228 712 2315 potest
737 2216 921 2314 delegatus
948 2221 1126 2312 mansan,
1163 2221 1193 2292 si
1218 2219 1362 2292 evidens
1391 2218 1517 2292 subest
1545 2241 1671 2310 cansa,
1704 2229 1793 2314 puta
1821 2219 1903 2316 quia
1931 2215 2113 2310 delegatos

385 2322 666 2415 consanguineus
693 2322 740 2392 sit
765 2320 815 2412 ei,
842 2321 904 2419 qui
929 2319 1050 2392 literas
1077 2322 1291 2418 impetravit,
1319 2323 1434 2393 autin
1457 2320 1582 2395 eodem
1605 2323 1750 2415 negatio
1769 2319 1997 2418 patrocinium
2013 2341 2113 2414 prae·

385 2425 532 2516 stiterit,
570 2433 632 2494 aut
658 2421 725 2494 alia
750 2421 843 2492 iusta
874 2420 919 2494 de
953 2446 1058 2493 causa
1084 2436 1274 2520 suspectus
1297 2426 1512 2522 apparuerit.
1537 2435 1577 2494 ut
1604 2423 1651 2494 X.
1674 2423 1774 2494 Lucii
1800 2447 1914 2518 papae
1941 2419 2116 2501 tertii.‚ad

385 2551 489 2600 aures
517 2535 668 2597 nostras.
695 2521 720 2621 6
762 2523 827 2596 ult.
843 2525 890 2622 ¹⁸)
918 2534 953 2595 et
979 2549 1053 2618 arg.
1078 2523 1166 2596 Cad.
1189 2525 1235 2597 de
1262 2524 1470 2598 assessorib.
1496 2521 1530 2618 1,
1552 2519 1614 2596 51.
1647 2523 1761 2596 tute.
1797 2521 1942 2595 circas.
1975 2533 2011 2592 et
2042 2545 2115 2615 arg.

335 2635 368 2686 2⁰
386 2630 465 2722 Dig.
494 2627 539 2700 de
564 2625 683 2698 iurisd.
711 2651 805 2697 amn.
833 2620 958 2717 16111,
986 2621 1020 2697 1.
1046 2624 1072 2699 l.
1099 2641 1253 2724 praetor.
1271 2624 1392 2721 121⁰)

387 2882 469 2956 stis,
498 2879 562 2942 sub
577 2876 700 2943 vestris
720 2875 839 2961 sigillis
853 2876 987 2944 clausas
1002 2877 1100 2943 nabis
1114 2877 1219 2942 mitta-
1285 2877 1365 2962 pell.
1381 2880 1413 2960 1,
1432 2878 1481 2944 19.
1510 2879 1602 2963 (Vid.
1617 2898 1647 2943 c.
1660 2878 1713 2942 41.
1736 2875 1805 2964 61.
1817 2875 1861 2941 X.
1878 2875 1916 2941 G.
1932 2895 1961 2939 e.
1976 2885 1999 2939 t.
2015 2873 2114 2954 1,18.

388 2981 467 3059 ntis,
485 2977 659 3044 terminum
673 2979 905 3063 utriqueparti
919 2999 1106 3064 congruum
1120 2997 1219 3064 prae·
1287 2981 1380 3045 verb.
1410 3001 1431 3046 n
1456 2979 1573 3067 Raym.
1596 2999 1660 3044 om.
1683 2997 1748 3044 „ne
1775 2978 1884 3062 possit
1911 2977 1992 3042 etc.”
2021 2973 2114 3040 Cant

388 3079 569 3165 uigentes,
599 3098 665 3164 quo
689 3079 832 3146 debeant
852 3115 895 3128 -
914 3115 956 3130 -
977 3079 1164 3164 apostolico
1180 3099 1220 3146 se
1290 3081 1396 3148 Glorr.
1418 3083 1451 3148 in
1465 3105 1496 3150 r.
1511 3101 1624 3148 coram
1639 3081 1758 3146 codem
1773 3079 1946 3166 abegere.)

388 3181 606 3264 „conspectui
616 3182 870 3264 praesentare.”
1332 3183 1389 3266 11)
1433 3182 1474 3248 0.
1490 3182 1586 3250 addc
1603 3182 1766 3248 „causis”

215 3383 222 3390 -
357 3305 372 3352 5
432 3281 472 3361 9)
515 3287 685 3365 quadretur
698 3285 767 3347 tat.
781 3289 1105 3367 moenem-quod
1117 3292 1220 3346 teneo·
1332 3283 1390 3368 13)
1433 3289 1542 3348 dicere.
1558 3284 1596 3349 P.
1606 3284 1631 3348 1.
1642 3284 1678 3347 1.
1694 3281 1735 3347 G.
1750 3319 1792 3330 -
1806 3280 2052 3346 A1.„site.”b.

387 3389 535 3467 torquis.
550 3403 593 3446 ex
607 3403 679 3449 ver.
694 3377 771 3448 lect
786 3381 858 3449 bist
885 3385 997 3471 »qnod
1014 3404 1099 3452 reus
1120 3381 1221 3449 babet
1332 3385 1390 3468 14)
1433 3391 1489 3450 rel.
1504 3385 1576 3450 Ρ.1.
1593 3386 1623 3450 1.
1640 3384 1672 3448 G
1696 3421 1738 3433 -
1754 3382 1810 3448 Al.
1825 3383 1905 3448 „ec”
1919 3380 1957 3446 B.

348 3513 351 3522 ·
390 3501 555 3550 „necesse
584 3503 722 3550 oausam
751 3486 951 3569 suspicionis
980 3485 1159 3552 ostendere
1186 3493 1222 3548 et
1291 3563 1293 3568 ¹
1333 3486 1391 3570 15)
1435 3485 1486 3553 01
1501 3488 1648 3567 anolto.
1664 3488 1706 3548 D.
1723 3489 1761 3548 D.
1778 3483 1884 3570 6116
1899 3481 2057 3568 pagata.

390 3585 567 3668 aptabam,
592 3585 712 3682 quibus
740 3584 833 3654 iavet
860 3587 947 3654 dam.
977 3586 1060 3654 cele.
1088 3573 1145 3674 pp
1171 3587 1219 3654 di·
1333 3587 1392 3672 16)
1433 3596 1638 3653 couma'ttitur.
1658 3585 1698 3650 P.
1710 3585 1741 3650 1.
1762 3583 1801 3650 G.
1824 3620 1867 3632 —-
1889 3584 1942 3651 Al.
1964 3583 2117 3650 „remitti-

390 3704 511 3766 „cens‚
541 3706 573 3771 q.
588 3688 683 3752 emt”
697 3686 735 3751 P.
748 3687 778 3752 1.
810 3723 852 3736 -
880 3691 989 3776 »quod
1004 3709 1084 3758 reus
1098 3687 1222 3754 babent
1286 3692 1393 3756 „tun”
1407 3689 1447 3755 B.
1463 3725 1503 3738 -
1518 3690 1557 3755 P.
1567 3690 1595 3755 1.
1612 3710 1675 3754 οιιι.

341 3809 374 3858 ιο
392 3805 557 3854 „necesse
572 3807 663 3854 carus.
679 3809 773 3872 susp.
788 3799 850 3854 ost
865 3800 899 3853 et
913 3791 1026 3874 prob„
1049 3791 1138 3876 quib.
1156 3787 1220 3855 Ge·
1333 3793 1393 3874 17)
1437 3813 1465 3858 c.
1482 3791 1533 3858 13.
1547 3791 1588 3858 Χ.
1605 3791 1632 3855 1.
1649 3791 1692 3855 de
1708 3786 1869 3874 appelli,
1884 3785 1935 3850 19.
1952 3790 1994 3867 (e.
2012 3786 2061 3849 11.
2076 3783 2118 3848 Χ.

392 3890 553 3956 „lestinus
574 3908 665 3976 papa
684 3886 775 3955 iavet
796 3889 928 3972 dinone,
958 3894 1047 3979 quod
1069 3902 1221 3958 teneatur
1292 3892 1524 3977 6161118.
1545 3891 1638 3980 verb.
1661 3913 1682 3956 o
1696 3891 1813 3977 Raym.
1837 3909 1901 3954 om.
1924 3898 2118 3971 „utrumque

391 3991 516 4075 „quis”
533 3989 572 4056 G
589 4027 627 4038 -
645 3992 754 4077 „quod
775 4011 856 4058 reus
876 3993 998 4060 babeat
1017 4015 1109 4060 cous.
1126 4015 1220 4080 susp.
1291 3998 1495 4063 „remedium
1510 3993 1743 4079 denegatur.”)

391 4112 523 4158 oaorem
549 4092 657 4157 iudice
687 4091 835 4180 allegare
858 4107 891 4161 et
911 4105 972 4162 ost.
995 4106 1027 4160 et
1045 4097 1140 4179 prob.
1163 4116 1221 4160 nc·
1336 4097 1391 4182 18)
1434 4097 1509 4166 Vid.
1531 4096 1598 4162 hui.
1620 4094 1713 4160 decr.
1736 4097 1780 4173 (c.
1800 4089 2070 4159 adsuescit.
2089 4090 2118 4153 l.

393 4213 534 4275 messe,
563 4192 640 4280 quib
667 4190 757 4261 iavet
772 4196 857 4262 dam.
878 4217 929 4262 ce.
944 4183 1000 4283 pp.
1016 4197 1067 4263 111.
1092 4199 1226 4280 diceus,
1292 4203 1334 4266 da
1356 4221 1462 4267 rescr.
1480 4200 1510 4281 l,
1525 4200 1556 4262 1.
1579 4199 1641 4262 siv.
1656 4217 1684 4261 c.
1701 4193 1732 4259 8.
1746 4194 1788 4259 Χ.
1804 4191 1845 4258 G.
1868 4213 1897 4256 e.
1917 4191 1983 4271 tl,
1998 4189 2045 4272 3.)
2060 4211 2118 4274 po·

345 4307 376 4356 ¹5
395 4296 505 4382 „quad
520 4294 628 4380 quis·”
643 4292 680 4358 P.
693 4294 722 4358 1.
751 4333 792 4343 -
822 4301 931 4385 „quod
954 4320 1034 4368 reus
1048 4299 1150 4367 babet
1164 4321 1221 4366 ne·
1289 4303 1419 4369 sterion
1433 4312 1517 4387 part
1532 4322 1562 4366 c
1577 4308 1757 4382 postrema.
1771 4294 1825 4373 45,
1840 4294 1880 4358 Χ.
1898 4294 1924 4358 1.
1941 4292 1984 4357 de
1999 4291 2119 4376 appell.

395 4397 546 4462 „cesse”
559 4394 599 4460 B.
614 4415 678 4460 am.
693 4395 753 4462 rel.
1289 4404 1323 4486 1,
1337 4405 1389 4470 10.
1405 4408 1452 4486 (c.
1460 4403 1510 4470 36.
1526 4401 1567 4465 Χ
1583 4397 1624 4464 0.
1641 4417 1670 4462 e.
1685 4406 1706 4459 t
1721 4395 1754 4474 1,
1769 4393 1838 4468 18.)
1854 4406 1888 4460 et
1901 4391 1945 4460 cs.
1960 4413 2029 4458 var.
2044 4392 2119 4459 lect.

439 4498 494 4582 19)
537 4497 709 4563 alins.P.l.
726 4533 765 4545 -
779 4497 1221 4570 A1.„uius.”B.-„utus.”
1291 4506 1377 4573 „elio
1396 4520 1604 4590 quacumque
1622 4499 1709 4564 iusta
1731 4498 1865 4563 causa.”
1881 4531 1921 4544 —
1936 4493 2019 4559 calio
2033 4498 2121 4560 iusta

395 4598 472 4664 add.
486 4599 616 4666 emend.
629 4598 725 4665 „eit”
746 4598 784 4663 P.
792 4600 822 4664 1.
851 4637 893 4650 -·
923 4603 963 4668 G.
979 4623 1044 4669 om.
1074 4641 1115 4652 -—
1146 4606 1222 4670 Vid.
1291 4599 2119 4676 ncousn”-aaliacausa.”—indepertinnotm.

343 4759 345 4764 .
397 4699 494 4766 eund.
515 4698 590 4764 leat.
610 4703 724 4767 vomet
748 4701 781 4766 in
797 4703 966 4784 Auqurtin
989 4715 1054 4770 nat.
1069 4704 1119 4770 13.
1135 4706 1179 4770 ad
1193 4727 1223 4770 c.
1336 4705 1392 4786 19)
1436 4701 1487 4769 01
1502 4705 1544 4765 a.
1559 4702 1599 4762 D.
1623 4709 1676 4762 eet
1700 4704 1767 4764 coll.
1784 4695 1874 4782 676.
1889 4716 1967 4783 pag.
1982 4697 2034 4764 59.
2049 4699 2120 4760 Ro-

347 4806 380 4856 20
399 4799 549 4868 secunda
564 4804 715 4886 requiris.
731 4800 797 4884 (01.
812 4814 877 4868 not.
893 4813 997 4870 nostr.
1012 4825 1083 4890 seq.
1094 4805 1160 4882 11.)
1290 4831 1354 4888 per.
1370 4805 1403 4892 §‚
1419 4803 1469 4868 79.
1485 4820 1561 4886 pag.
1572 4799 1641 4866 113.
1657 4803 1804 4882 anotr'n.
1820 4795 1852 4882 §.
1869 4797 1941 4863 117.
1955 4818 2032 4884 pag.
2047 4796 2119 4862 348.

442 4903 498 4987 11)
542 4901 638 4966 Prior
657 4899 721 4968 hui.
744 4903 866 4970 decret.
887 4925 968 4988 pars
988 4907 1099 4990 posita
1120 4916 1172 4972 est
1192 4908 1226 4973 iu
1380 4906 1439 4988 Sp.
1456 4903 1551 4968 odd:
1570 4900 1742 4980 »Causam
1769 4910 1908 4981 propter
1923 4917 2007 4984 quas
2021 4898 2122 4962 iudex

399 5027 429 5070 c.
444 5005 661 5088 prudentiam.
676 5023 731 5068 un.
742 5003 783 5068 Χ.
798 5005 829 5070 1.
845 5006 889 5070 de
903 5017 981 5072 mut.
997 5018 1063 5090 pet
1077 5007 1119 5086 1,
1134 5007 1163 5072 3.
1180 5013 1225 5088 (c.
1296 5007 1378 5072 „iste
1393 5012 1585 5082 recusatur,
1614 5011 1692 5067 sunt
1710 4999 1897 5065 inimicitiae
1913 5009 1946 5065 et
1959 4999 1992 5062 iu
2008 4999 2120 5064 causis

398 5106 430 5169 1.
446 5105 487 5170 Χ.
504 5103 543 5170 G.
558 5124 589 5170 e.
605 5103 667 5184 11,
681 5103 728 5178 d)
758 5104 827 5170 Sed
844 5108 887 5172 ad
901 5105 934 5171 b.
951 5107 971 5172 l
992 5118 1123 5190 spectat
1143 5129 1225 5191 pars
1295 5106 1379 5172 oium
1393 5105 1576 5192 patrocinia
1589 5101 1768 5186 praestita,
1787 5111 1822 5164 ut
1836 5121 1878 5166 ex
1893 5100 2120 5183 superioribus

400 5207 582 5289 posterior:
598 5227 627 5272 e.
642 5205 793 5272 secunda
808 5207 1101 5294 requirisldffl.
1116 5210 1158 5274 de
1168 5229 1225 5290 ap·
1296 5205 1443 5293 ”legibus
1458 5203 1634 5274 manifeste
1649 5202 1881 5268 convincitur.”
