4770 5962
413 579 477 648 332
997 575 1132 643 Gratiae
1148 576 1190 642 de
1204 575 1351 642 indiciae.
1367 577 1437 642 ord.
1468 576 1503 641 P.
1520 576 1549 642 2.

416 770 799 944 {kqmiasstmtmia'
814 763 937 939 lippi.)
963 767 1044 937 Iltig.
1072 759 1283 939 de't'p'rpb‘at.
1297 761 1361 940 212,
1374 764 1417 887 5
1439 757 1467 837 1.
1483 763 1521 838 2.
1553 778 1590 839 et
1618 767 1705 939 Gpd.
1734 791 1770 938 eP
1790 777 1814 868 t.
1831 764 1870 860 1,
1886 763 1946 838 19.
1958 767 1996 940 (p
2007 780 2130 940 Νεἰςῐο).

419 913 558 1048 elebtns
589 973 632 1044 de
665 897 728 1042 siia
757 895 927 1042 eliitiini
949 893 1859 1069 bribleglateinviillupitibbliensptiiebiiblessionibli:
1886 885 2133 1044 ‘limessaenillii5

420 1089 532 1170 otum3
559 1077 608 1147 sic
629 1085 749 1172 potest
771 1075 939 1170 inciperet
973 1073 1101 1166 „Pono
1126 1098 1203 1143 meo
1229 1074 1439 1165 iuramento,
1468 1099 1522 1144 me
1549 1099 1627 1146 esse
1654 1073 1801 1146 electum
1828 1073 1871 1144 ad
1899 1076 2055 1167 regimen
2080 1085 2144 1145 ta-'

386 1179 492 1273 5„lis
519 1176 685 1249 eeclesiae
712 1201 776 1272 per
801 1197 885 1269 eos,
930 1177 993 1272 qui
1027 1186 1111 1246 sunt
1142 1177 1177 1244 in
1213 1177 1314 1272 quasi
1348 1177 1572 1272 possessione
1605 1177 1689 1246 iuris
1721 1175 1872 1270 eligendi
1899 1176 2061 1248 alericum
2089 1175 2133 1247 erl

419 1280 628 1374 „eeclesiam
655 1278 761 1348 illam.
838 1281 925 1350 ltem
953 1302 1070 1374 pono,
1114 1276 1212 1374 quod
1242 1277 1278 1346 in
1305 1278 1408 1373 quasi
1435 1278 1663 1374 possessione
1691 1279 1775 1349 iuris
1802 1279 2050 1376 praesentandi
2075 1278 2133 1350 vel

420 1381 595 1477 „eligendi
622 1395 704 1451 sunt
732 1381 789 1450 isti
815 1381 900 1472 viri,
926 1378 964 1450 S.
990 1380 1031 1450 P.
1057 1392 1092 1452 et
1116 1380 1158 1450 Β.
1187 1389 1222 1449 et
1239 1379 1287 1466 33)
1314 1380 1358 1450 R.
1385 1391 1451 1451 eto.
1502 1381 1590 1452 ltem
1622 1405 1740 1476 pono,
1780 1381 1878 1478 quod
1909 1405 1972 1454 sex
2001 1407 2046 1453 en
2078 1379 2132 1450 bis

420 1510 503 1578 „me
528 1482 670 1553 domino
696 1485 866 1578 episeopo
893 1492 1216 1579 praesentaverunt.
1268 1480 1356 1551 ltem
1382 1506 1496 1578 pono,
1540 1482 1635 1579 quod
1661 1484 1720 1553 isti
1745 1507 1825 1574 sex,
1866 1485 1927 1580 qni
1953 1509 2008 1554 me
2032 1507 2133 1579 prae·

213 1627 220 1642 ·
347 1581 350 1586 ¹
419 1596 694 1680 „sentaverunt,
737 1583 994 1682 requisiverunt
1020 1584 1174 1682 reliquos
1191 1581 1261 1681 ²1),
1300 1595 1340 1653 ut
1366 1581 1536 1656 deberent
1569 1609 1648 1655 eum
1685 1587 1734 1655 eis
1760 1585 1972 1656 concordare
2000 1584 2044 1655 de
2071 1585 2133 1654 ali*

370 1713 522 1785 10„qu0
551 1687 679 1758 clerieo
705 1685 972 1782 praesentando.
1024 1689 1110 1756 Item
1138 1710 1252 1783 pono,
1287 1684 1381 1782 quod
1410 1686 1481 1755 duo
1507 1685 1648 1759 exiliis
1675 1698 1844 1784 qnatm,
1873 1685 2006 1758 scilieet
2031 1687 2072 1758 P.
2100 1699 2135 1758 et

420 1792 512 1884 ,,Β.,
540 1803 651 1860 ratam
676 1787 875 1859 babuerunt
899 1799 1022 1885 postea
1052 1789 1243 1885 praelitam
1270 1790 1608 1883 praesentationem,
1636 1813 1726 1886 quae
1753 1789 1846 1861 facta
1873 1789 1938 1859 fuit
1963 1815 2026 1886 per
2049 1788 2135 1859 illos

420 1891 548 1986 „sem”
564 1933 615 1946 -·
641 1890 806 1980 Quamvis
836 1915 922 1982 ergo
949 1899 1053 1981 neget
1077 1914 1159 1962 reus
1186 1890 1340 1960 fortasse
1365 1900 1401 1960 te
1427 1893 1589 1962 canonice
1616 1890 1786 1984 electum,
1820 1892 1849 1961 si
1874 1901 1991 1962 tamen
2016 1903 2134 1962 cetera

224 2016 229 2032 ·
295 2071 296 2074 ,
421 1994 648 2085 confiteatur,
690 1991 875 2063 obtinuisti
900 1995 936 2062 in
963 2013 1087 2085 eausa,
1127 2003 1163 2062 et
1197 1993 1271 2062 sine
1303 1991 1396 2063 omni
1430 1992 1494 2062 alia
1523 1991 1734 2088 probatione
1766 1990 1872 2063 debet
1897 2017 1963 2088 pro
1987 2003 2024 2063 te
2051 1991 2137 2063 ferri

421 2095 604 2167 sententia.
644 2094 748 2183 Quod
774 2095 826 2165 sic
852 2093 917 2164 tibi
943 2094 1103 2166 ostendo.
1149 2095 1279 2165 Dixisti
1305 2093 1486 2190 superius,
1515 2093 1610 2191 qnod
1635 2095 1754 2168 decem
1780 2095 1846 2164 viri
1873 2107 1956 2165 sunt
1981 2097 2134 2190 patroni,

373 2220 404 2270 15
423 2195 482 2295 qni
514 2207 597 2267 sunt
629 2200 664 2267 in
701 2198 810 2296 quasi
834 2197 1059 2293 possessione
1091 2197 1176 2266 iuris
1213 2195 1458 2292 praesentandi
1487 2197 1672 2291 alericum,
1714 2197 1808 2293 qnod
1834 2198 1910 2294 ipse
1938 2198 2136 2268 confitetur.

420 2300 492 2370 Per
511 2297 578 2368 boe
604 2297 736 2391 babes,
765 2299 859 2395 quod
887 2310 972 2369 sunt
992 2298 1111 2370 decem
1140 2308 1276 2368 tantum
1304 2309 1339 2368 et
1367 2323 1438 2369 non
1465 2298 1578 2390 ultra,
1610 2323 1674 2396 per
1698 2297 1868 2392 regulam,
1896 2315 1986 2395 quae
2012 2297 2135 2371 obser*

421 2413 527 2471 vatur
552 2402 594 2470 in'
614 2401 707 2492 iure,
740 2425 831 2498 quae
858 2400 962 2493 dicit,
997 2402 1091 2496 quod
1117 2400 1249 2470 inlinita
1276 2401 1492 2497 aequipollet
1518 2399 1713 2473 universali.
1731 2392 1784 2502 ²²)
1809 2411 1849 2471 ut
1873 2396 1964 2472 (1.1.
1992 2425 2025 2498 q.
2043 2398 2133 2472 5.·e.

422 2503 587 2573 salvator.
604 2499 640 2574 8.
669 2497 723 2608 (ᾖ.
753 2494 899 2604 31).)33)
933 2515 969 2574 et
999 2499 1064 2609 (X.
1092 2493 1154 2596 G.)
1183 2502 1228 2584 de,
1253 2502 1368 2598 privil.
1383 2500 1419 2594 5,
1442 2499 1506 2573 33.
1540 2529 1570 2573 e.
1600 2504 1679 2600 quia
1713 2499 1957 2600 0113322311)
2008 2504 2135 2576 llixiati

421 2617 566 2702 postea,
593 2614 628 2676 te
654 2601 765 2674 luisse
790 2613 1052 2699 praesentatum
1081 2629 1101 2674 a
1128 2630 1189 2675 sex
1216 2605 1362 2675 existis
1390 2604 1530 2699 decem,
1559 2605 1670 2675 etsie
1696 2605 1792 2704 qnod
1819 2618 1976 2696 constat,
2006 2603 2135 2701 quoda

263 2803 265 2808 Ι
372 2723 406 2776 20
422 2708 545 2778 maiori
563 2717 683 2803 parte3
708 2719 743 2779 et
769 2707 846 2777 ideo
877 2719 936 2777 tua
965 2705 1088 2778 electio
1115 2703 1220 2778 debet
1245 2704 1373 2777 valere.
1398 2709 1444 2777 X.
1472 2709 1513 2778 G.
1541 2705 1585 2777 de
1612 2708 1686 2777 iure
1712 2703 1966 2805 patron.3,38.
1993 2731 2021 2777 a.
2049 2733 2134 2804 qno·

422 2811 516 2879 niam
540 2809 575 2877 iu
602 2808 821 2906 quibusdam.
837 2805 874 2879 3.
888 2797 940 2908 33)
992 2811 1080 2879 ltem
1109 2807 1242 2900 dixisti,
1269 2818 1304 2878 te
1330 2810 1480 2880 electum
1508 2807 1552 2877 ab
1579 2806 1645 2899 bis,
1672 2811 1734 2906 qui
1761 2810 1901 2879 suntin
1928 2810 2026 2906 quasi
2052 2835 2134 2906 pos·

423 2912 580 2982 sessione
604 2912 692 2980 iuris
717 2909 981 3008 praesentandi,
1017 2935 1124 3002 ergo,
1160 2913 1233 2980 sive
1260 2911 1332 2980 sint
1357 2909 1496 3008 patroni
1523 2911 1749 3003 inveritate,
1786 2913 1859 2981 sive
1884 2910 2073 2981 credantur
2100 2923 2136 2982 et

423 3037 494 3084 non
521 3014 607 3104 sint,
648 3024 707 3084 toa
742 3012 864 3084 electio
897 3009 1003 3082 debet
1037 3011 1148 3082 robur
1181 3010 1340 3083 obtinere
1372 3012 1558 3083 firmitatis.
1594 3023 1634 3082 ut
1659 3013 1705 3082 X.
1736 3013 1776 3084 G.
1802 3013 1847 3084 de
1873 3012 1971 3083 eleut.
1992 3009 2026 3105 1,
2041 3011 2078 3083 G.
2105 3039 2134 3085 o.

425 3114 613 3212 querelam.
629 3109 692 3185 21.
707 3114 757 3212 33)
786 3114 830 3186 de
855 3111 1114 3205 10133227.
1141 3138 1172 3184 o.
1199 3137 1279 3184 eum
1305 3113 1528 3185 Bertboldus.
1545 3109 1603 3184 18.
1622 3116 1670 3206 ²⁷)
1698 3115 1742 3188 de
1768 3117 1842 3186 iure
1868 3124 2005 3210 patron.
2022 3109 2133 3206 5,58.

369 3229 406 3286 ’25
424 3243 453 3287 o.
479 3215 805 3289 consultationibus.
823 3213 880 3287 19.
897 3213 946 3313 23)
999 3219 1085 3287 ltem
1112 3215 1242 3307 dixisti,
1269 3217 1363 3312 qnod
1383 3219 1453 3288 'isti
1477 3241 1557 3308 sex,
1584 3219 1644 3314 qui
1670 3228 1983 3314 praesentaverunt
2007 3226 2055 3309 te,
2082 3243 2134 3290 re-

425 3320 642 3415 quisiverunt
667 3317 753 3388 alios
780 3331 952 3416 quatuor,
993 3329 1032 3387 ut
1058 3314 1228 3388 deberent
1261 3343 1338 3388 eum
1375 3317 1451 3390 aliis
1489 3318 1704 3390 concordare
1736 3317 1780 3390 tle
1815 3320 1943 3390 elerico
1972 3343 2134 3416 praesen·

424 3420 555 3513 tando,
588 3433 624 3490 et
657 3421 716 3508 ille
750 3444 831 3491 reus
857 3443 965 3517 super
992 3417 1060 3492 boe
1090 3420 1156 3490 fuit
1185 3419 1389 3514 oonlessus,
1432 3421 1528 3518 quod
1553 3421 1617 3490 isti
1639 3420 1764 3518 serm)
1793 3442 1862 3492 non
1888 3433 2134 3516 processerunt

424 3521 495 3592 illis
525 3523 731 3615 contemtis,
757 3536 904 3620 propter
930 3522 1025 3618 quod
1041 3523 1088 3610 33)
1113 3523 1288 3618 potuisset
1311 3535 1369 3592 tua
1392 3523 1516 3594 electio
1541 3523 1688 3616 irritari,
1714 3522 1808 3620 qnod
1836 3520 2007 3620 probatur
2031 3524 2076 3593 Χ.
2092 3525 2134 3595 G.

424 3623 469 3694 de
497 3623 667 3721 postulat.
683 3621 770 3714 l,5.
799 3649 828 3695 o.
856 3623 979 3695 bonae.
997 3621 1034 3695 1.
1052 3625 1098 3712 31)
1127 3622 1170 3694 de
1197 3622 1297 3695 eleut.
1318 3623 1352 3716 1,
1368 3623 1403 3697 6.
1431 3652 1462 3696 c.
1489 3623 1583 3722 quod
1610 3626 1708 3696 sicut.
1720 3622 1781 3694 ⁰28.
1796 3623 1845 3720 ³²)
1878 3636 1913 3696 et
1939 3650 1968 3695 e.
1993 3651 2134 3696 venera·

375 3723 542 3808 ³0bilem.
556 3723 619 3797 51.
635 3723 684 3824 33)
712 3736 749 3796 et
774 3751 803 3796 e.
828 3723 940 3798 bonae
967 3725 1156 3800 memoriae
1183 3725 1424 3800 Cremon.¹36.
1439 3725 1486 3825 31)
1523 3737 1559 3798 et
1587 3753 1624 3798 o.
1655 3728 1737 3824 quia
1769 3738 1925 3823 propter.
1941 3723 2005 3798 12.
2022 3727 2069 3818 33)
2086 3737 2133 3799 et

469 3979 527 4058 19)
570 3989 606 4044 nt
620 3981 655 4046 in
668 3989 737 4043 not.
755 3977 805 4043 16.
820 3978 927 4043 lnnoo
943 3976 975 4042 3
1315 3977 1468 4042 sessione
1481 3998 1547 4044 non
1562 3959 1768 4044 sufficienter
1781 3979 1921 4062 probata
1936 3979 2057 4044 dietum
2073 3989 2133 4043 est.

466 4077 524 4162 20)
567 4089 605 4143 at.
622 4117 665 4130 -
678 4079 717 4144 Β.
733 4077 828 4145 „uli”
843 4078 939 4161 (vel.)
1315 4081 1425 4145 lnnoc.
1442 4078 1469 4145 3.

466 4179 525 4262 21)
568 4185 710 4262 retiquae.
725 4217 767 4229 --
781 4185 913 4244 Dar-ant.
930 4203 976 4262 sp.
991 4179 1047 4244 lib.
1062 4185 1091 4246 2.
1107 4201 1137 4265 p.
1152 4185 1183 4247 2.
1200 4182 1246 4245 tit.
1357 4180 1418 4262 28)
1460 4173 1621 4248 Alexand.
1636 4181 1668 4248 3.
1706 4179 1757 4247 01.
1783 4181 1887 4245 Gloss.
1912 4182 1946 4246 in
1968 4203 1997 4247 v.
2020 4179 2134 4248 erede-

426 4280 468 4344 de
482 4281 669 4363 positionib.
685 4281 715 4368 §.
730 4283 760 4346 5.
783 4303 870 4346 num.
889 4281 938 4347 lo.
956 4282 1060 4350 „alios
1076 4285 1247 4369 quatuor.”
1314 4283 1422 4350 batur.
2076 4331 2078 4334 -

393 4393 466 4442 5-
483 4381 533 4447 01.
551 4382 583 4448 b.
597 4403 675 4469 pag.
689 4381 749 4448 inl.
765 4404 853 4449 vers.
872 4383 923 4448 26.
1355 4384 1415 4466 29)
1457 4405 1526 4447 sear.
1541 4421 1583 4431 -
1600 4385 1637 4450 Β.
1651 4383 1732 4452 »Χ.”

466 4483 528 4560 22)
569 4489 745 4548 ωιὶυενεαίἰ.
761 4521 802 4532 -
824 4483 863 4549 B.
879 4487 994 4553 „tum”
1010 4523 1047 4536 -
1073 4485 1124 4553 01.
1143 4487 1247 4552 Gloss.
1357 4484 1416 4567 30)
1459 4489 1547 4566 qaod.
1564 4485 1599 4550 Β.
1616 4505 1681 4550 om.

425 4582 445 4647 l.
462 4583 483 4648 l.
500 4605 570 4670 seq.
585 4598 650 4650 not.
666 4587 717 4651 23.
1241 4621 1244 4628 -
1357 4585 1415 4660 31)
1458 4585 1604 4650 tnnoca
1618 4583 1669 4651 01.
1680 4585 1784 4649 Gloss.
1799 4587 1832 4650 in
1847 4609 1877 4651 v.
1887 4587 1937 4650 eis
1953 4590 2134 4653 contemtis.

441 4739 444 4747 .
467 4687 525 4768 23)
569 4685 621 4754 01.
639 4687 743 4751 Gloss.
761 4690 793 4753 in
809 4709 838 4754 v.
853 4687 1031 4754 indefinite.
1357 4685 1413 4764 32)
1457 4707 1506 4770 pr.
1522 4688 1585 4752 snb
1599 4686 1640 4770 1.,
1661 4707 1747 4753 vers.
1763 4687 1896 4775 quodsi
1912 4707 1971 4752 eos
1986 4685 2135 4755 vocatos.

441 4789 526 4871 ’24)
569 4789 680 4854 lnnoc.
697 4789 728 4854 3.
757 4788 808 4854 01.
827 4791 931 4854 Gloss.
946 4789 980 4854 in
995 4811 1025 4857 v.
1043 4789 1219 4856 indefinite.
1316 4789 1427 4854 innoc.
1443 4796 1474 4856 3.
1882 4805 1888 4813 “

380 4904 411 4954 10
468 4889 527 4974 25)
571 4911 613 4954 ex
628 4891 891 4958 conabateran.
909 4911 939 4958 a.
954 4891 1045 4956 1179.
1221 4913 1244 4922 ·’
1358 4897 1415 4969 33)
1460 4891 1552 4956 verb.
1571 4911 1666 4956 „anm
1687 4890 1837 4956 electioni
1858 4887 1934 4976 plus
1955 4903 2135 4956 contemtus

467 4992 527 5072 26)
571 4994 663 5058 verb.
692 5013 787 5058 „oum
811 4992 908 5056 nobis
932 4995 1132 5072 eonstiterit,¹
1160 4995 1246 5080 quod
1316 4993 1450 5071 eunius,
1480 4997 1579 5078 ¹quarn
1596 4991 1823 5060 eontradiotio
1847 4991 2022 5058 multorum
2046 4993 2134 5058 obsit

427 5093 589 5178 „populus
610 5097 643 5160 in
664 5095 760 5179 quasi
779 5093 997 5176 possessione
1013 5097 1247 5178 praesentandi
1316 5095 1430 5163 „stat”
1451 5095 1560 5160 lnnoo.
1575 5093 1605 5160 3.
2127 5087 2130 5098 ’

427 5194 602 5261 „clericum
618 5195 799 5261 exsistebat
813 5196 899 5260 etc.”
914 5196 1023 5262 lnnoe.
1039 5204 1069 5266 3.
1356 5195 1414 5278 34)
1457 5193 1751 5278 ubisublsimilit,
1768 5197 1839 5262 utin
1848 5205 1914 5261 not.
1924 5193 1975 5261 33.
1990 5195 2136 5262 innuas.

446 5332 449 5345 ·
466 5299 523 5378 27)
565 5317 637 5382 arg.
652 5317 672 5363 a
687 5307 789 5362 contr.
808 5317 928 5374 seusa3
959 5319 1035 5366 nam
1050 5299 1093 5367 ibi
1110 5299 1151 5364 de
1167 5319 1243 5383 pos
1355 5299 1415 5380 35)
1459 5299 1570 5364 lurtoe.
1586 5305 1617 5365 3.
1649 5293 1698 5364 01.
1718 5295 1823 5364 susa
1839 5299 1872 5363 in
1888 5320 1917 5363 v.
1928 5301 1989 5384 ·qui
2005 5285 2136 5364 tenent
