4782 5960
861 581 924 652 'lit
936 583 968 650 4.
996 583 1049 652 De
1065 583 1290 656 citationibus.
1315 583 1348 674 §.
1362 583 1395 653 2.
1931 587 1993 656 331

266 770 326 845 ll.
344 772 391 872 ³⁸)
423 770 467 845 de
489 797 662 868 consang.
689 784 725 846 et
750 773 845 847 alliu.
862 773 901 868 4,
920 771 982 848 44.
1009 801 1039 848 c.
1059 772 1091 847 l.
1106 774 1155 873 θ4)
1188 773 1233 846 ds
1267 784 1421 849 accusat.
1438 770 1476 868 5,
1497 771 1529 844 l.
1556 799 1588 847 e.
1616 774 1707 848 licei.
1729 771 1788 850 44.
1803 777 1853 871 ⁴⁰)
1880 778 1925 853 de
1946 781 1994 853 si·

266 872 464 1050 momgzg.
491 901 521 947 c.
547 873 714 948 licenti.
741 888 778 950 et
804 903 834 950 c.
863 874 1109 975 pertuasffl.
1136 889 1172 949 et
1196 875 1241 948 de
1261 890 1350 951 sent.
1375 903 1546 952 excomm.
1557 873 1595 970 5,
1612 875 1673 950 59.
1689 905 1718 951 e.
1733 903 1846 956 sacro.
1862 878 1925 954 48.
1937 871 1992 988 ⁴¹)

499 1003 556 1049 ura

470 1004 496 1077 q
623 1081 766 1174 segnius
792 1081 936 1153 irritant
959 1082 1112 1152 animum
1139 1081 1290 1154 demissa
1318 1107 1385 1181 per
1411 1105 1526 1175 aures,

624 1208 732 1281 quam
756 1209 848 1281 quae
873 1193 956 1254 sunt
982 1183 1094 1256 oeulis
1125 1194 1190 1255 etc.
1207 1175 1260 1285 ⁴²)

268 1283 385 1378 uude,
427 1282 577 1383 qualiter
602 1283 716 1358 dictae
742 1286 1025 1358 circumstantiae
1059 1286 1132 1358 sint
1157 1285 1418 1378 observandae,
1456 1311 1521 1384 per
1551 1285 1712 1384 exempla
1744 1286 1898 1361 dilucida
1933 1289 1994 1364 de·

269 1398 518 1460 monstremus.
1144 1460 1145 1463 ,
1270 1389 1276 1404 ’
2042 1405 2046 1412 ’

372 1488 443 1560 Sed
472 1488 555 1586 qnia
587 1489 728 1587 saepius
760 1487 804 1560 ad
830 1485 1063 1582 ordinarium,
1105 1515 1210 1590 quam
1237 1491 1282 1562 ad
1313 1487 1531 1585 delegatum,
1562 1515 1628 1588 pro
1660 1491 1762 1564 saetis
1789 1497 1994 1589 recurritur,

269 1589 349 1663 ideo
377 1591 421 1663 de
446 1591 606 1688 ipsorum
636 1591 859 1666 simonibus
886 1593 1049 1689 primitus
1074 1593 1311 1666 ostendamus.
1364 1593 1411 1665 Et
1436 1600 1491 1664 est
1518 1592 1719 1686 sciendum,
1748 1585 1908 1700 quodie)
1937 1623 1994 1670 or·

270 1691 396 1766 dinarii
423 1692 567 1766 duobus
593 1694 707 1766 modis
735 1706 993 1766 consueverunt
1018 1695 1136 1766 citare.
1195 1697 1285 1768 Nam
1312 1706 1372 1765 aut
1394 1695 1553 1788 dirigunt
1580 1695 1701 1768 literas
1728 1695 1800 1789 illi,
1844 1701 1906 1796 qui
1933 1727 1994 1773 vo·
2013 1737 2046 1790 10

271 1811 388 1888 eatur,
418 1807 480 1868 aut
506 1797 728 1869 committunt
754 1797 855 1868 alicui
881 1797 1016 1868 vicinae
1042 1821 1234 1893 personae,
1263 1795 1362 1896 quod
1388 1797 1487 1868 illum
1517 1799 1611 1870 citet.
1652 1797 1817 1871 Primum
1843 1825 1995 1875 consue·

271 1901 325 1970 vit
347 1901 480 1971 servari
507 1901 543 1968 in
570 1897 729 1992 clericis,
758 1899 950 1970 secundum
976 1901 1011 1968 in
1042 1898 1159 1994 laicis3
1186 1901 1268 1998 quia
1295 1925 1372 1971 cum
1401 1898 1479 1970 laici
1505 1901 1660 1972 nesciant
1686 1899 1821 1994 legere,
1850 1929 1921 1974 non
1946 1906 1997 1978 eis

273 2013 534 2074 consueverunt
562 1998 685 2073 literae
709 2002 890 2073 destinari.
943 2000 980 2071 Si
1007 2012 1121 2072 tamen
1150 2003 1364 2073 eontrarium
1391 2000 1467 2093 liat,
1495 2025 1566 2072 uon
1593 2015 1648 2073 est
1674 2005 1888 2097 contraius,
1915 2009 1997 2104 quia

272 2115 308 2174 et
338 2102 487 2175 clericus
514 2104 613 2174 citari
638 2115 756 2199 potest
782 2129 848 2199 per
876 2103 997 2196 alium,
1024 2103 1071 2176 X.
1090 2103 1190 2176 G.de
1216 2103 1301 2176 dolo
1328 2113 1363 2174 et
1391 2099 1597 2194 contumd,
1613 2101 1673 2174 44.
1700 2131 1729 2175 c.
1758 2104 1818 2177 lin.
1842 2107 1882 2183 in
1900 2107 1996 2206 i.⁴⁴),

272 2217 308 2276 et
329 2204 420 2278 laico
447 2216 601 2302 possunt
628 2204 750 2277 literae
774 2206 944 2276 destinari
971 2207 1163 2277 citatoriac.
1204 2207 1250 2278 X.
1267 2208 1321 2278 ‘G.
1347 2203 1391 2275 de
1416 2217 1598 2302 procurat.
1617 2202 1730 2297 l,58.
1758 2231 1788 2278 c.
1815 2208 1995 2282 accedeus.
2016 2241 2047 2292 ts

271 2301 335 2379 40.
348 2304 398 2404 ⁴⁵)
449 2308 490 2378 ln
512 2319 665 2405 utroque
691 2305 772 2380 cisa
797 2307 959 2404 exempla
987 2332 1173 2404 ponamus.

374 2411 416 2482 ln
443 2411 558 2506 primo
586 2411 777 2508 episcopus
804 2412 889 2482 citat
916 2434 1017 2480 suum
1044 2408 1225 2481 subditum
1252 2407 1321 2480 boe
1347 2407 1472 2480 modos
1505 2407 1766 2504 „Laurentius,
1793 2410 1858 2483 liei
1885 2413 1999 2506 gratia

273 2511 492 2608 „episeopus
518 2514 708 2606 dratinus,
748 2512 879 2584 dilecto
908 2513 942 2582 in
969 2510 1113 2583 Christo
1147 2510 1302 2610 plebano
1332 2511 1411 2582 talis
1447 2510 1516 2582 loci
1542 2510 1689 2583 salutem
1722 2524 1761 2584 et
1786 2537 1887 2585 suam
1913 2512 1998 2587 alias

274 2610 598 2707 „benedictionem
637 2614 826 2706 Querelam
840 2615 884 2685 Τ.
912 2613 1029 2684 clerici
1056 2613 1253 2712 recepimus
1280 2613 1529 2705 continentem,
1556 2613 1652 2711 quod
1680 2639 1759 2687 cum
1785 2614 1930 2687 ecelesia
1954 2619 1999 2692 Α.

275 2713 349 2809 „de
373 2717 511 2814 llippa,
555 2741 647 2814 quae
680 2716 725 2788 ad
759 2729 855 2788 tuam
888 2715 1113 2789 donationem
1141 2713 1423 2812 dignosciturii)
1446 2716 1643 2812 pertinere,
1680 2715 1726 2789 de
1757 2716 1938 2790 voluntate
1963 2731 2049 2796 etto

274 2843 479 2911 „consensu
511 2829 655 2890 tuorum
682 2818 889 2890 clericorum
925 2817 1035 2889 eidem
1063 2817 1257 2891 liberaliter
1282 2817 1516 2896 contulisses.
1559 2819 1698 2915 etipse
1730 2843 1805 2889 eam
1833 2817 2000 2917 aliquam·

275 2917 364 3010 „diu
388 2919 532 3016 pacifice
558 2919 800 3016 possedisset,
835 2930 873 2990 tu
900 2918 1125 3016 postmodum
1151 2921 1266 3018 ipsum
1292 2919 1413 2992 eadem
1444 2919 1591 2992 ecclesia
1617 2917 1694 2992 sine
1719 2945 1821 2992 eausa
1847 2924 2000 2994 rationa-

275 3017 369 3113 „bili
395 3032 431 3093 et
457 3032 582 3092 contra
607 3023 694 3092 iuris
721 3021 878 3094 ordinem
906 3022 1090 3118 spoliasti,
1127 3023 1238 3120 ipsam
1266 3033 1349 3118 post
1372 3019 1645 3118 appellationem
1676 3021 1719 3092 nd
1752 3047 1817 3094 nos
1842 3025 2000 3124 interpo-

273 3121 406 3214 „sitam
435 3121 573 3194 cuidam
600 3124 723 3221 nepoti
756 3136 820 3195 tno
853 3124 969 3194 miuus
996 3114 1193 3226 idoneo⁴⁷)
1230 3122 1466 3214 conterendo,
1505 3123 1717 3196 carnalitatis
1746 3137 1889 3197 secutus
1915 3128 2000 3199 atie·

275 3234 420 3316 „ctum,
447 3249 520 3296 non
547 3223 712 3298 tudinum
741 3226 908 3301 rationis:
940 3226 1020 3298 ideo
1049 3225 1250 3298 discretioni
1277 3239 1357 3298 tuae
1383 3225 1598 3318 iniungendo
1626 3252 1736 3313 man,
1765 3252 1867 3325 qua,
1893 3230 1923 3299 si
1945 3241 1999 3301 est
2017 3247 2050 3298 25

273 3325 372 3420 „ita,
412 3325 505 3398 inira
541 3337 624 3400 octe
651 3328 725 3400 dies
751 3338 835 3426 post
861 3326 983 3399 irarum
1018 3327 1199 3400 literarum
1225 3329 1542 3426 praesentationem
1575 3329 1788 3424 praedictam
1816 3329 1999 3404 ecelesiam

274 3453 385 3523 „cunr
411 3426 589 3501 fructibus
615 3429 718 3502 medii
746 3428 917 3527 temporis
949 3429 1058 3503 eidem
1086 3433 1273 3502 restituere
1304 3455 1374 3502 uon
1400 3441 1620 3527 postponas,
1653 3430 1809 3528 alioquin
1835 3433 2000 3526 vigesima

274 3529 359 3623 „die
394 3541 480 3630 post
510 3530 635 3604 barum
668 3533 1010 3630 praesentationem,
1053 3535 1084 3605 si
1112 3534 1158 3606 de
1183 3544 1246 3604 tuo
1269 3534 1346 3604 iure
1370 3531 1540 3625 contidis,
1582 3555 1700 3604 coram
1727 3531 1831 3605 nobis
1858 3535 1999 3608 studeas

277 3896 450 3968 avocante,
465 3906 583 3954 verum
598 3887 695 3954 etiam
710 3907 732 3953 a
746 3887 868 3970 iudice,
884 3906 905 3952 e
919 3885 1013 3953 cuius
1029 3907 1106 3953 sen·
1175 3885 1307 3952 „abbati
1323 3887 1365 3953 de
1379 3887 1416 3954 F.
1434 3887 1677 3974 inquisitionem
1692 3883 1801 3953 famae
1815 3897 1892 3952 tuae
1908 3887 1999 3954 duxi·
2102 3915 2105 3926 ·

279 3989 401 4054 „tentis
415 3983 636 4073 provocatur,
660 4035 693 4055 ..
720 3990 888 4055 credimus
904 3990 1106 4076 distinguen-
1175 4010 1270 4055 smus
1285 3989 1581 4056 committendam.”
1610 3989 1722 4055 lnnoc.
1737 3987 1769 4054 3.

278 4087 378 4154 „dum
393 4089 476 4154 etc.”
1216 4089 1271 4168 41)
1315 4095 1476 4154 desimom
1494 4115 1519 4154 e.
1535 4095 1613 4153 ticet.
1635 4097 1691 4152 ete.
1720 4124 1762 4136 -
1791 4109 1915 4156 causes
1939 4091 2000 4158 cri·

364 4215 390 4254 a.
406 4238 413 4252 .
427 4198 538 4278 potest
551 4191 679 4278 utique,
695 4191 760 4256 imo
777 4193 875 4258 debet
889 4193 1043 4279 superior
1056 4193 1104 4258 iu·
1173 4192 1296 4257 minum
1316 4201 1368 4263 tc.
1384 4190 1472 4257 licet.
1496 4200 1529 4255 et
1549 4211 1578 4256 e.
1593 4193 1776 4274 perteus.)
1806 4203 1839 4257 et
1868 4213 1998 4258 excom·

278 4293 375 4374 edax,
390 4292 432 4358 ad
449 4312 546 4378 quern
560 4290 670 4357 tuerat
686 4291 904 4378 appellatum,
930 4295 1105 4362 terminum
1174 4291 1412 4358 manicationes
1428 4299 1472 4370 (c.
1489 4298 1615 4370 sacro.)
1639 4302 1734 4358 caute
1749 4301 1782 4358 et
1796 4293 1999 4381 circumspe·
2017 4311 2033 4358 5

278 4394 437 4481 »provide
451 4394 617 4459 moderari
632 4395 714 4459 etc’'
732 4431 769 4440 -
785 4395 887 4459 lunae
912 4395 944 4466 3.
1174 4404 1227 4459 cte
1241 4393 1434 4458 tractandas
1449 4413 1538 4458 esse.
1553 4393 1666 4459 innoc.
1680 4392 1711 4458 3.

318 4495 373 4571 38)
419 4526 450 4560 n.
466 4541 474 4557 .
488 4498 522 4561 in
538 4496 693 4562 ecclesiis
716 4515 849 4576 eorum,
880 4497 936 4583 qui
957 4516 997 4562 se
1015 4493 1105 4562 irau-
1217 4492 1271 4564 44)
1317 4503 1373 4558 etc.
1396 4494 1416 4559 i.
1431 4513 1461 4558 e.
1476 4495 1628 4562 subiecta
1642 4495 1805 4562 fidelibus.
1834 4499 1943 4561 Horat.
1958 4497 2000 4564 Α.

277 4597 449 4664 ndulenter
464 4598 657 4678 absentant,
676 4616 740 4662 nec
756 4599 796 4662 ad
812 4597 906 4680 ipsos
921 4597 1011 4664 valet
1025 4599 1106 4664 cita·
1173 4593 1212 4662 Ρ.
1227 4615 1259 4659 v.
1277 4593 1347 4661 180.
1364 4593 1435 4661 181.

278 4701 343 4766 „tio
362 4699 559 4786 pervenire,
588 4699 695 4763 trinae
714 4699 878 4764 citationis
899 4699 1042 4766 edictum
1057 4695 1105 4764 su·
1214 4696 1274 4778 43)
1316 4702 1406 4780 quod.
1420 4733 1464 4746 --
1477 4695 1517 4763 B.
1532 4719 1597 4766 om.

278 4802 369 4870 „cias
384 4799 547 4887 publicari
561 4801 645 4866 ete.”
660 4799 771 4866 lnnoc.
786 4805 817 4867 3.
1215 4799 1274 4876 44)
1319 4798 1459 4884 Gregor.
1474 4798 1505 4866 9.
1535 4797 1586 4867 Gs.
1604 4799 1710 4866 Olore.
1724 4801 1758 4866 in
1772 4822 1804 4867 v.
1820 4802 1915 4868 ulios.
2020 4826 2052 4879 to

318 4901 377 4980 39)
422 4934 476 4968 s..
499 4921 566 4968 nnn
589 4911 667 4968 sunt
686 4921 811 4968 causae
829 4901 1025 4967 matrimonii
1039 4911 1106 4968 tra·
1214 4901 1268 4980 45)
1314 4900 1454 4988 Gregor.
1469 4901 1500 4968 9.
1532 4899 1633 4968 nobili
1669 4901 1741 4968 dre
1771 4901 1915 4971 Ubaldo.
1945 4937 1999 4972 s..

278 5005 439 5071 netandae
467 5023 532 5089 per
559 5003 742 5089 quoslibet,
785 5004 848 5068 sed
882 5023 945 5087 per
976 5003 1106 5070 iudices
1174 5013 1445 5090 „procuratorem
1467 5004 1622 5071 idoneum
1642 5004 1685 5068 ad
1704 5007 1926 5090 praesentiam
1941 5027 1999 5075 no·

278 5105 678 5176 „discrems.”n10xand.
694 5105 726 5172 3.
1177 5115 1301 5172 »stram
1316 5107 1458 5172 mittas.”

318 5209 372 5289 40)
418 5227 483 5278 „ue
510 5209 546 5273 in
572 5205 781 5274 abscindere
803 5217 860 5273 tna
879 5206 989 5271 minue
1009 5225 1107 5271 cano-
1218 5205 1279 5281 46)
1321 5213 1521 5288 mynoscitur.
1534 5241 1578 5256 -·
1591 5205 1631 5271 B.
1647 5205 1876 5275 „dinoscere”

279 5312 374 5380 „nice
389 5311 576 5397 procedere
590 5310 773 5393 videamur,
789 5354 822 5374 ..
844 5307 883 5376 C.
899 5307 1060 5392 episeopo
1075 5316 1109 5372 et
1219 5308 1278 5391 47)
1321 5313 1438 5374 idoneo.
1455 5339 1496 5356 -
1511 5307 1551 5372 B.
1567 5309 1740 5376 „idonee”
2020 5335 2052 5387 1⁵

1721 5425 1800 5503 tt·
