4786 5962
1962 555 2021 598 xlii

399 719 584 792 Contraria
611 718 759 819 deniqne
786 719 905 818 opinio
933 711 1163 813 glossatoris,
1205 719 1264 817 qni
1299 720 1402 792 tertio
1436 716 1569 790 decimo
1599 719 1741 792 saeculo
1771 721 1946 794 Tancredi
1977 723 2019 795 li·

295 834 398 909 hrum
420 837 702 912 adnotationibus
728 839 906 912 illustrare
933 840 1142 936 praesumsit
1158 837 1221 930 ⁵²),
1252 837 1335 908 licet
1361 839 1437 909 istis
1463 839 1673 910 testimoniis
1702 841 1911 934 refragetur,
1939 841 2018 912 nnl-

242 979 243 988 ’
293 955 364 1028 lam
389 959 549 1055 prolecto
575 955 831 1030 dubitationem
857 959 997 1028 iniieiet.
1050 959 1119 1048 Qui
1146 954 1287 1056 quidem
1312 953 1404 1027 libro
1431 957 1553 1056 aliquo
1579 960 1833 1055 manuscripto,
1860 961 2017 1058 spuriam

293 1075 444 1147 lormam
465 1075 673 1168 exhibente,
710 1101 795 1148 usus
823 1087 875 1150 est
892 1078 962 1167 ⁵³),
1002 1101 1124 1149 omncs
1152 1077 1225 1148 eins
1251 1075 1466 1172 particulas,
1497 1079 1576 1174 quia
1604 1079 1779 1150 Tancredi
1805 1103 1932 1150 nomen
1961 1082 2014 1149 in·

293 1196 463 1292 scriptum
498 1206 591 1288 erat,
634 1195 710 1267 sine
737 1195 811 1266 ulla
838 1194 1069 1268 haesitatione
1095 1192 1337 1267 Tancredinas
1365 1219 1442 1266 esse
1470 1194 1653 1297 ratus⁵⁴);
1694 1197 1756 1268 scd
1784 1223 1885 1290 cum,
1919 1199 2014 1268 omni

292 1315 464 1407 genuinae
490 1315 625 1388 formae
657 1315 780 1408 notitia
806 1313 1016 1407 destitutus,
1056 1313 1101 1384 de
1127 1312 1264 1405 origine
1297 1311 1378 1384 libri
1412 1311 1508 1383 haud
1545 1325 1749 1420 qnaepcrct,
1795 1341 1866 1387 non
1894 1313 2014 1408 video,

292 1457 382 1532 quae
409 1460 574 1534 umquam
600 1435 791 1505 auctoritas
820 1433 878 1505 isti
905 1433 1061 1530 opinioni
1088 1430 1273 1504 tribuenda
1300 1433 1356 1503 sit.
1408 1431 1592 1531 Adeoque,
1621 1431 1718 1531 quod
1744 1435 1778 1504 in
1806 1445 2013 1506 transcursu

290 1551 502 1624 monendum
529 1565 605 1646 est,
632 1551 809 1624 levissima
835 1552 934 1623 fuere
958 1553 1068 1644 ignoti
1096 1563 1131 1624 et
1157 1548 1301 1622 obscuri
1327 1548 1429 1621 huius
1455 1548 1605 1622 hominis
1633 1550 1767 1646 studia,
1795 1577 1874 1624 nam
1902 1553 2014 1646 inid,

291 1669 387 1766 quod
412 1673 632 1768 propositum
659 1664 824 1770 erat55),
868 1697 942 1742 eam
978 1682 1112 1741 tantum
1147 1693 1288 1765 operam
1315 1667 1505 1766 impendit,
1551 1681 1591 1741 ut
1617 1668 1776 1764 neglecta
1801 1671 2013 1770 plerumque

290 1813 329 1860 re
354 1788 549 1882 iudiciaria,
590 1789 655 1860 alia
681 1815 725 1862 ex
751 1789 884 1883 glossis
920 1790 1050 1887 raptim
1077 1789 1322 1887 conquireret,
1364 1812 1454 1887 quae
1480 1787 1524 1857 ad
1549 1787 1628 1860 loca
1656 1789 1766 1861 civilis
1793 1790 2013 1887 potissimum

289 1908 375 1979 iuris
388 1908 435 1999 ⁵⁶)
465 1908 726 2006 interpretanda
749 1919 960 2006 spectarent.
1080 1987 1082 1994 y

330 2211 389 2294 51)
432 2213 467 2276 15
489 2233 596 2298 marg.
620 2214 695 2279 cod.
717 2214 827 2276 Humi.
851 2211 932 2296 (5111.
954 2232 1025 2296 555.
1050 2221 1115 2276 not.
1183 2219 1251 2288 155,
1281 2209 1363 2294 (vid.
1385 2221 1541 2292 555551.
1557 2209 1626 2295 28.)
1648 2221 1685 2276 nt
1702 2231 1745 2276 ex
1760 2210 1899 2298 singulis
1914 2210 2010 2294 loeis,

288 2314 358 2396 24.)
377 2315 460 2378 15555
484 2317 712 2381 adnotationes
734 2315 806 2380 sive
826 2312 965 2399 glossae
986 2314 1116 2394 eodem,
1184 2311 1261 2397 quid
1277 2310 1788 2394 (15151510555151555155515,
1817 2315 1873 2379 vix
1887 2312 2010 2378 elicere

289 2427 323 2478 nt
337 2417 483 2493 videtur,
512 2425 679 2500 tempore,
708 2439 773 2503 qno
793 2417 856 2482 iste
877 2416 983 2482 codex
998 2435 1116 2481 exara·
1184 2413 1317 2498 possis;
1345 2413 1487 2500 ideoque
1513 2413 1736 2500 glossatorem
1760 2416 1863 2499 priori
1889 2425 2012 2479 tantum

288 2526 426 2597 uisset,
456 2518 555 2582 nitide
579 2529 612 2582 et
625 2519 800 2584 maximam
817 2527 944 2601 partem
959 2528 1117 2582 accurate
1183 2514 1416 2582 reformatione
1439 2537 1534 2581 usum
1555 2537 1713 2602 5555555
1737 2527 1827 2585 certo
1842 2513 2010 2580 affirmare

287 2619 475 2702 adscriptae
497 2629 582 2682 sunt.
625 2619 733 2684 Aliam
763 2621 887 2686 55111515
914 2618 1022 2684 Ρ5515.
1047 2617 1113 2683 155-
1180 2636 1246 2681 non
1264 2621 1379 2681 ausim.

286 2740 373 2784 mam
395 2725 663 2786 commemoravit
690 2745 717 2784 5.
739 2725 890 2804 8551555.
907 2723 948 2786 G.
972 2724 1056 2786 aa.
1072 2723 1112 2784 11.
1223 2718 1281 2800 54)
1327 2716 1378 2784 cf.
1394 2739 1423 2783 e.
1439 2738 1470 2804 g.
1485 2739 1559 2804 pag.
1576 2719 1646 2786 180
1661 2719 1794 2784 55514.

285 2827 305 2882 r'.
323 2825 363 2884 M
385 2821 460 2886 Tc.
475 2843 549 2908 pag.
561 2821 630 2889 116.
648 2833 680 2887 51
695 2823 738 2888 ibi
752 2836 819 2890 not.
834 2823 902 2898 59.;
918 2832 951 2887 et
966 2821 1111 2903 complu·
1222 2819 1283 2902 55)
1327 2820 1460 2886 Ρ551555
1487 2822 1647 2906 prooemii
1669 2820 1774 2885 verba
1798 2830 1875 2885 sunt
1902 2819 2006 2884 haec:

286 2941 344 2985 res
365 2919 508 2988 sortasse
536 2924 567 2986 in
588 2923 725 2990 Gallicis
754 2924 959 2990 bibliothecis
988 2924 1112 2988 servati
1180 2921 1364 2996 „Quoniam
1379 2923 1462 2986 ordo
1477 2921 1669 2987 iudiciarias
1691 2922 1875 3006 modusque
1890 2941 2007 3005 proce-

286 3033 362 3086 sunt
376 3022 468 3102 libri,
497 3026 570 3088 sive
596 3026 753 3108 easdem,
782 3029 853 3091 sive
873 3025 957 3092 alins
979 3025 1112 3108 glossas
1180 3022 1301 3087 „denti
1316 3024 1348 3087 in
1365 3025 1477 3088 censis
1492 3022 1632 3088 5551555
1649 3024 1931 3109 dispendioseque
1948 3044 2008 3108 per

285 3143 435 3188 seorsnm
462 3138 619 3190 exaratas
640 3126 844 3191 exhibentes·
883 3124 933 3192 Cf.
956 3128 1111 3188 lirr‘tiscte
1181 3124 1335 3202 „diversa
1360 3126 1440 3189 iuris
1463 3123 1630 3190 volumina
1650 3146 1670 3190 a
1693 3125 1835 3190 diversis
1856 3125 2006 3203 traditur,

284 3229 394 3290 Jahrb.
421 3234 479 3310 srtr
502 3231 647 3289 deutsche
672 3231 823 3290 Rectum
852 3229 902 3292 ed.
926 3231 1056 3294 Richter
1077 3236 1111 3291 et
1180 3229 1359 3310 „magister
1381 3225 1565 3292 Teneretns
1587 3227 1629 3291 ad
1652 3245 1774 3310 preces
1796 3226 2005 3311 quorundam

283 3329 466 3392 Schneider.
484 3327 576 3395 1840.
592 3349 669 3413 pag.
683 3328 757 3394 955.
794 3327 1112 3394 151550515151515
1180 3327 1367 3394 „sociorum
1393 3349 1528 3394 suornm
1555 3326 1703 3393 libellum
1728 3329 1892 3413 quendam
1915 3349 2004 3394 com·

284 3427 383 3494 551115
421 3429 462 3492 115
499 3428 843 3495 clermont-ferrand
956 3430 1109 3498 55176.
1177 3432 1326 3511 reposuit,
1355 3429 1472 3515 inquo
1496 3431 1645 3495 ordinem
1667 3428 1859 3496 iudiciorum
1881 3439 2004 3496 etmo-

1176 3529 1275 3595 „dum
1290 3531 1493 3614 procedendi
1513 3532 1546 3596 in
1567 3531 1679 3596 causis
1695 3534 1931 3616 compendiose
1947 3534 2003 3597 de·

1176 3629 1344 3696 „claravit
1391 3631 1457 3696 Per
1479 3634 1566 3719 qnod
1593 3643 1700 3716 patet,
1731 3633 1807 3720 qnid
1823 3634 1865 3698 sit
1878 3633 2003 3716 titulus,

282 3532 502 3597 »0515115115
524 3535 748 3613 1555755551.
774 3531 860 3598 suivi
884 3533 926 3598 de
947 3555 1040 3596 555515
1059 3537 1108 3596 le-

281 3656 389 3716 551151,
419 3641 474 3716 qur'
486 3637 661 3713 alleguntur
678 3656 773 3714 super
787 3635 1009 3696 ordinarium?

364 3735 402 3798 ln
422 3753 526 3817 marg.
551 3735 625 3799 cod.
645 3737 756 3798 Dresd.
782 3732 839 3817 (ct
861 3756 934 3818 sup.
956 3746 1022 3799 not.
1037 3733 1107 3819 rt.)

280 3855 397 3900 omnes
411 3833 484 3900 fere
500 3836 583 3902 istae
607 3835 742 3920 glossae
763 3835 795 3900 in
811 3837 1031 3920 germanicam
1045 3835 1106 3900 lin·

282 3953 380 4016 guam
403 3937 582 4004 translatae
602 3938 767 4022 leguntur.
808 3937 855 4002 lbi
873 3939 986 4021 priora
1000 3939 1107 4003 verba

283 4035 355 4100 eius
368 4037 450 4120 loci,
481 4061 579 4126 quem
594 4059 670 4124 pag.
685 4040 737 4106 90.
759 4050 822 4104 551.
839 4038 869 4104 8.
888 4037 952 4104 col.
969 4048 998 4107 1.
1014 4060 1105 4106 vers.

284 4135 334 4198 17.
354 4147 386 4200 51
406 4159 499 4228 seqq.
516 4141 787 4220 commemoravi,
817 4143 850 4206 in
865 4139 954 4208 hunc
971 4141 1103 4208 modum

282 4250 444 4320 concepta
458 4255 554 4307 snut:
583 4247 684 4323 58551
697 4250 751 4308 der
764 4249 890 4306 meister
901 4251 941 4306 151
956 4251 1103 4326 5551555,

282 4343 377 4402 „aare
400 4346 448 4400 ttt'l
460 4349 641 4424 [5155555555
661 4353 704 4408 151
724 4366 783 4409 555
803 4350 871 4408 dem
887 4349 1034 4428 furfurea
1048 4350 1104 4407 dea

281 4443 447 4516 5515111555,
476 4463 538 4506 nur
563 4449 612 4508 rte
638 4449 1104 4512 5515515155515551551151155

279 4543 376 4606 lere.”

321 4642 380 4724 53)
424 4637 473 4708 Cl'.
489 4659 520 4706 e.
530 4661 636 4727 g.pag
651 4645 834 4714 11555511.
850 4645 928 4728 ins,
942 4667 1018 4732 pag.
1031 4645 1101 4713 103.

278 4743 1100 4835 5558555107.555.30.,553.234.555.30,555.

277 4847 350 4914 243.
360 4857 425 4910 not.
435 4845 475 4926 7,
487 4866 564 4932 pag.
572 4845 645 4916 254.
657 4847 792 4926 notiit,
805 4867 880 4932 pag.
888 4849 960 4918 280.
974 4861 1037 4915 not
1046 4851 1099 4919 46.

278 4947 361 5014 Sunt
370 4947 542 5034 quidemin
556 4946 619 5028 his,
634 4967 720 5034 qnae
734 4947 775 5010 ad
789 4948 931 5030 priorem
939 4951 1099 5018 refonna·

276 5052 398 5116 tionem
416 5046 596 5115 reserenda
616 5069 695 5114 esse
710 5049 899 5130 videantur,
925 5053 1008 5134 (uid.
1022 5073 1099 5140 pag.

1175 3752 1279 3817 »qnae
1296 3733 1429 3798 intentio
1452 3735 1484 3798 in
1507 3754 1569 3798 suo
1592 3732 1722 3814 libello,
1752 3755 1837 3822 qnae
1852 3737 2000 3801 materia.

1175 3831 1317 3900 „Modus
1334 3847 1442 3898 antem
1458 3836 1661 3918 procedendi
1675 3839 1707 3900 in
1724 3857 1786 3901 suo
1800 3833 1911 3900 libello
1926 3837 2001 3904 talis

1174 3945 1264 4000 rest:
1294 3936 1407 4002 dividit
1430 3939 1515 4001 enim
1538 3937 1681 4002 libellum
1698 3959 1794 4004 sunm
1812 3941 1845 4001 in
1862 3947 2002 4023 quatuor

1173 4046 1325 4120 5555155,
1354 4038 1389 4104 15
1409 4057 1548 4124 quarum
1568 4039 1676 4122 primu
1695 4049 1811 4104 tractat
1827 4039 1868 4104 de
1883 4061 2000 4126 perso·

1173 4139 1246 4204 nnis
1261 4183 1271 4202 .
1286 4184 1295 4202 .
1311 4139 1339 4204 .”
1369 4135 1561 4220 (Mittimus,
1587 4161 1674 4226 qnae
1692 4141 1885 4211 intermedia
1895 4145 1999 4226 suut.)

1172 4239 1323 4306 „Utilitas
1351 4249 1404 4304 551
1430 4241 1599 4307 instructio
1627 4242 1746 4308 iudicis
1772 4255 1805 4308 et
1826 4245 1945 4309 actoris
1966 4255 1998 4307 55

1171 4346 1241 4408 arei
1265 4353 1297 4406 ct
1316 4339 1455 4406 aliorum
1481 4343 1570 4408 circa
1592 4365 1770 4410 cansarum
1791 4365 1996 4431 processum.

1171 4441 1262 4508 58511
1284 4445 1438 4527 quoniam
1458 4446 1617 4529 magister
1634 4445 1754 4511 multas
1769 4444 1865 4530 leges
1888 4458 1920 4511 et
1941 4467 1996 4512 ca-

1170 4563 1299 4608 nnones
1321 4544 1364 4609 ud
1386 4547 1594 4628 probandum
1614 4547 1821 4632 propositum
1836 4548 1995 4612 5555515-

1169 4644 1297 4724 educit,
1326 4657 1463 4730 propter
1482 4645 1548 4714 hoe
1570 4669 1672 4714 casus
1694 4649 1840 4732 ipsarum
1863 4647 1997 4734 dignum
2043 4679 2049 4692 ¹

1169 4745 1343 4811 »duximus
1363 4749 1546 4830 discutere,
1576 4749 1753 4815 inserendo
1780 4754 1995 4818 contrarieta-

1169 4856 1241 4909 »tes
1264 4857 1296 4911 et
1317 4846 1500 4916 solutiones
1528 4861 1561 4916 et
1581 4849 1738 4916 notabilia
1763 4860 1797 4916 et
1816 4851 1995 4934 expositio·
2079 4899 2081 4907 2

1169 4965 1266 5011 55555
1287 4945 1403 5016 1115555
1426 4951 1536 5038 legum
1558 4949 1755 5030 difficilium,
1785 4963 1920 5038 propter
1935 4953 1994 5018 mi·

1167 5065 1307 5131 encres,
1336 5063 1433 5136 prout
1447 5054 1543 5118 nobis
1557 5055 1665 5119 515555
1679 5051 1738 5120 1511
1753 5053 1943 5136 expedire?

278 5150 348 5217 107.
363 5163 427 5216 551.
445 5149 515 5236 00)
531 5153 594 5218 sed
615 5150 856 5228 inconstans,
885 5155 1017 5233 spurias
1031 5153 1097 5220 lor·
1208 5147 1267 5231 56)
1309 5153 1362 5218 nd
1383 5155 1533 5220 canonici
1556 5155 1638 5220 iuris
1654 5155 1746 5222 locos
1767 5175 1907 5237 perraro
1921 5165 1993 5218 tan-

274 5271 347 5318 5555
363 5252 610 5335 exhibentibus,
630 5263 721 5320 tanta
735 5264 788 5318 est
800 5249 977 5318 lectionum
990 5253 1096 5320 varic·
1165 5249 1361 5340 tumulique
1378 5266 1489 5321 notata
1509 5271 1593 5322 sunt
1627 5255 1678 5322 Cf.
1701 5276 1776 5342 pag.
1793 5256 1845 5321 90.
1862 5267 1928 5321 not.
1943 5255 1992 5335 8.,
