4786 5962
827 559 898 643 (De
912 560 1124 628 iureiurando
1139 563 1181 628 de
1198 561 1371 630 calumnie.
1401 560 1488 648 33.)
1686 557 1691 566 ’
1978 566 2019 632 61

395 751 493 853 3'1).
535 748 737 824 Videndum
766 763 821 823 est
845 750 971 844 igitur,
1000 776 1047 822 au
1072 761 1328 826 sacramentum
1353 752 1398 824 de
1424 751 1596 826 calumnia
1622 755 1760 851 possiet
1785 767 1905 853 partes
1932 755 2057 856 intre-3.
2067 755 2104 828 5.

291 883 329 930 se
355 857 536 930 remittere
553 853 612 945 2)ὶ
663 855 711 926 Et
744 863 839 926 certe
870 879 941 924 uou
974 867 1125 950 possunt
1140 852 1195 950 3),
1235 855 1402 951 quonium
1433 880 1505 926 nou
1538 880 1606 952 pro
1644 858 1828 932 commodo
1862 859 2020 954 singulo·

291 986 390 1051 rom,
432 957 496 1030 sed
523 981 589 1054 pro
616 957 794 1027 communi
824 955 974 1028 utilitate
1002 958 1156 1027 omnium
1183 957 1363 1030 inventum
1391 969 1455 1028 est.
1481 968 1521 1029 ot
1547 956 1634 1029 God.
1661 957 1706 1030 de
1731 961 1872 1032 iureiur.
1900 972 2019 1060 propt

291 1063 357 1134 eal.
372 1058 411 1151 7,
436 1056 497 1131 59.
524 1058 549 1129 Ι.
576 1055 612 1130 7.
640 1055 676 1157 3.
711 1060 768 1128 siu
799 1067 915 1130 autem
942 1056 1107 1130 abfuerit.
1126 1056 1163 1128 5.
1191 1055 1227 1129 d.
1261 1057 1344 1130 item
1381 1061 1492 1154 pactis
1524 1062 1741 1156 privatorum
1774 1064 1842 1134 iuri
1875 1061 2018 1161 publico

290 1163 453 1254 derogari
487 1184 557 1232 nou
590 1171 721 1255 potest.
754 1170 795 1231 ut
826 1184 901 1252 arg.
926 1160 1007 1252 θὶς.
1043 1160 1089 1231 de
1117 1173 1208 1257 paot
1222 1155 1259 1252 7,
1288 1156 1348 1230 11.
1376 1160 1398 1232 Ι.
1427 1162 1483 1232 ius
1510 1161 1701 1258 publicum.
1718 1159 1781 1234 58.
1809 1175 1843 1238 et
1868 1168 1948 1260 θὶς.
1973 1164 2051 1238 des

291 1290 366 1358 reg.
392 1259 537 1353 iur.50,
564 1258 624 1333 17.
652 1262 675 1333 Ι.
701 1287 818 1360 neque
844 1263 984 1358 pignus.
999 1259 1062 1334 45.
1090 1261 1176 1332 ius.
1206 1303 1256 1314 —
1309 1261 1420 1354 Quid,
1461 1264 1491 1334 si
1521 1289 1592 1334 nou
1627 1265 1787 1358 exigatur
1820 1279 1855 1339 et
1879 1279 2019 1340 senteu-

291 1369 375 1440 tiam
402 1363 504 1436 iudex
531 1363 670 1456 tulerit,
712 1389 756 1434 en
785 1361 918 1435 valebit
943 1363 1022 1436 talis
1048 1363 1245 1436 sententiat
1296 1365 1426 1460 Resp,
1466 1364 1546 1437 dieo
1582 1391 1657 1437 eam
1684 1367 1813 1440 valere.
1839 1393 1913 1463 arg.
1939 1371 2019 1464 θὶς.

208 1535 215 1542 ,
290 1470 335 1541 de
363 1493 420 1564 op.
447 1491 531 1537 nov.
558 1491 662 1537 nune.
676 1463 741 1558 59,
770 1462 803 1538 1.
841 1465 864 1536 Ι.
898 1465 943 1538 de
968 1466 1121 1563 pupillo.
1135 1462 1171 1538 5.
1196 1463 1231 1564 3.
1260 1467 1321 1564 qui
1354 1463 1583 1566 opus.14.⁴)
1620 1480 1656 1538 et
1686 1470 1765 1561 θὶς.
1796 1469 1841 1542 de
1877 1473 2019 1543 iureiur.

292 1567 354 1662 17,
380 1567 416 1640 7.
449 1568 472 1639 Ι.
506 1567 752 1638 iusiurandum.
768 1562 832 1639 51.
866 1565 901 1666 3
938 1570 999 1666 qui
1031 1567 1281 1639 iusiurandum.
1299 1565 1336 1639 4.
1354 1570 1385 1660 ⁵)
1445 1571 1564 1662 Ergo,
1591 1593 1672 1641 eom
1698 1573 1868 1666 exigitur,
1913 1572 2020 1646 debet

291 1671 486 1769 praestari,
513 1669 600 1740 alias
628 1682 746 1740 autem
775 1694 849 1739 nou
876 1681 931 1741 est
952 1695 1095 1744 neeesse
1113 1670 1163 1761 6).·
1208 1667 1284 1742 Sed
1305 1672 1378 1742 sive
1405 1673 1565 1765 exigatur
1590 1671 1806 1768 apartibus,
1833 1679 1908 1748 sive
1933 1699 2017 1768 nou,
2039 1685 2070 1736 ¹⁰

290 1799 430 1870 semper
454 1771 587 1844 iudices
616 1783 781 1843 moueant
805 1784 942 1867 partes,
971 1781 1010 1844 ut
1035 1773 1079 1846 de
1106 1771 1279 1844 calumnia
1304 1772 1449 1844 iuretur.
1474 1811 1526 1828 -··
1577 1773 1648 1846 Sed
1678 1773 1862 1870 obiicitur,
1902 1803 2020 1849 nonne

290 1887 546 1948 saeramentum
574 1873 767 1944 calumniae
794 1874 983 1946 remittitur
1010 1885 1160 1971 patrouo
1190 1885 1226 1946 et
1250 1874 1480 1972 parentibus,
1516 1901 1594 1948 eum
1621 1889 1875 1949 saeramentum
1904 1879 2018 1952 deier-

291 1989 369 2070 tur,
411 1987 447 2048 et
473 2001 552 2046 eum
579 1974 782 2072 postuletur
817 1979 931 2048 caveri
958 1977 1099 2048 nomine
1126 1976 1244 2048 damni
1268 1975 1412 2048 iuieetii
1457 1989 1495 2050 ut
1520 1979 1600 2070 θὶς.
1626 1977 1670 2052 de
1695 1979 1831 2052 iureiur.
1847 1976 1909 2070 17,
1933 1977 1970 2052 7.
1994 1980 2019 2052 Ι.

290 2082 321 2150 si
353 2089 538 2176 petronus.
556 2075 616 2148 16.
651 2088 687 2148 et
716 2077 739 2148 Ι.
775 2077 1028 2151 iusiurandum.
1044 2075 1108 2150 51.
1140 2075 1175 2176 3.
1210 2077 1279 2153 hoe
1298 2079 1364 2150 ius.
1398 2078 1452 2177 (iu
1487 2078 1577 2150 med.
1602 2078 1638 2178 3
1655 2079 1707 2178 d.)
1727 2084 1758 2172 ⁷)
1795 2093 1831 2154 et
1864 2083 1945 2176 θὶς.
1976 2081 2020 2154 de

290 2182 406 2253 damu.
441 2175 580 2270 instit,
608 2177 645 2250 7.
681 2179 706 2250 Ι.
737 2181 802 2276 qui
833 2178 928 2253 boue
959 2180 1039 2254 fide.
1052 2177 1112 2251 15.
1141 2179 1177 2278 3.
1202 2181 1234 2252 si
1260 2179 1385 2252 alieno.
1405 2178 1464 2252 15.
1493 2177 1552 2251 11.
1587 2193 1623 2253 et
1653 2183 1733 2274 θὶς.
1763 2182 1809 2255 de
1839 2181 1966 2280 obseq.
2000 2201 2069 2254 ais

290 2281 352 2355 lib.
378 2292 510 2380 praest.
526 2278 592 2373 57,
621 2277 679 2352 15.
705 2281 731 2353 Ι
758 2281 852 2354 lieet.
870 2278 904 2351 7.
932 2279 983 2381 (3
1000 2280 1054 2383 5.)
1095 2283 1226 2378 Resp,
1253 2281 1394 2378 quidam
1420 2282 1546 2354 volunt
1571 2283 1709 2375 dicere,
1738 2281 1828 2356 hane
1855 2285 2020 2357 differen-

291 2386 373 2458 tiam
397 2385 582 2457 dumtaxat
612 2407 691 2454 esse
725 2385 816 2455 iuter
850 2383 947 2456 istud
974 2395 1231 2457 sacramentum
1261 2383 1306 2455 de
1333 2384 1527 2477 calumnia,
1571 2395 1606 2456 et
1632 2384 1722 2455 ὶΙΙιιιΙ
1747 2398 2018 2479 sacramentum,

291 2487 389 2586 quod
414 2496 615 2584 praestatur
641 2488 676 2556 iu
702 2485 879 2558 delatione
913 2487 1123 2559 sacramenti
1148 2498 1184 2558 et
1210 2485 1349 2584 quando
1375 2485 1575 2583 postulatur
1600 2487 1714 2558 caveri
1739 2488 1784 2560 de
1811 2487 1940 2560 damno
1967 2491 2018 2560 ὶιι-

290 2592 404 2682 t'eeto,
431 2600 516 2686 pute
544 2587 740 2686 quiaillud
767 2589 876 2660 eertis
905 2589 1067 2686 personis
1094 2589 1300 2670 remittitur,
1324 2601 1364 2660 ut
1391 2587 1524 2660 dietum
1551 2599 1637 2660 estu
1656 2590 1812 2681 Verum,
1839 2603 2018 2686 procerte

291 2691 382 2764 mole
411 2702 447 2763 et
472 2693 623 2787 pessime
648 2689 788 2782 dieunt,
824 2691 992 2786 quoniam
1019 2717 1085 2788 per
1117 2689 1232 2784 legem
1259 2690 1391 2762 domiui
1419 2691 1604 2763 iustiniani
1630 2688 1734 2764 hodie
1761 2701 2016 2764 sacramentum
2034 2703 2068 2755 ²⁰

290 2793 482 2865 calumniae
508 2793 636 2864 nemiui
661 2803 781 2889 potest
806 2795 935 2864 remitti
962 2795 997 2864 iu
1022 2793 1143 2891 aliquo
1173 2817 1258 2864 casu
1275 2793 1319 2885 Β).

389 2897 479 2967 item
506 2895 706 2992 quaeritur,
751 2920 795 2965 au
822 2894 965 2993 speciali
982 2896 1013 2987 9)
1040 2893 1227 2994 privilegio
1260 2919 1281 2964 u
1315 2896 1471 2991 principe
1499 2897 1615 2991 possit
1640 2905 1894 2966 sacramentum
1921 2896 2016 2967 calu·

291 2997 402 3070 moine
428 2997 577 3087 remitti,
621 3008 662 3067 ut
695 3021 767 3068 uon
801 3009 1019 3094 praestetur,
1062 2996 1117 3068 vei
1150 2997 1348 3094 impetrari,
1391 3008 1430 3066 ut
1461 3023 1524 3092 prr
1557 2996 1768 3068 advocatum
1794 2995 2017 3095 praestetur?

290 3099 420 3196 Resp,
456 3098 598 3193 utique,
634 3099 797 3196 quoniam
831 3125 890 3191 ee,
958 3124 1024 3170 uae
1051 3111 1175 3196 postea
1204 3108 1394 3192 geruntur,
1436 3097 1618 3194 prioribus
1645 3097 1838 3192 derogaut3
1873 3112 1913 3170 ut
1936 3102 2030 3194 mg.-

289 3199 333 3271 de
360 3198 512 3271 codicill.
528 3195 591 3292 79,
621 3197 654 3269 7.
681 3200 705 3271 Ι.
730 3198 864 3272 diviti.
890 3125 975 3299 33.
1000 3202 1049 3272 ita
1076 3210 1190 3272 tameo
1217 3211 1275 3292 ut,
1303 3199 1333 3270 si
1358 3200 1462 3272 i'uerit
1490 3201 1551 3271 uni
1577 3201 1779 3294 remissum,
1807 3201 1862 3272 vel
1887 3214 1927 3274 ut
1951 3228 2016 3300 per
2034 3220 2066 3270 25

289 3300 497 3374 advocatum
523 3311 722 3398 praestetur
747 3327 968 3394 eoncessum,
995 3303 1085 3374 alter
1111 3326 1251 3398 semper
1277 3300 1402 3373 eodem
1430 3304 1505 3374 iure
1530 3314 1662 3374 utatur.
1688 3313 1728 3372 ut
1754 3329 1829 3397 arg.
1855 3303 1945 3375 eod.
1972 3301 2017 3376 de

289 3403 396 3478 t'ruet.
416 3415 452 3476 et
476 3403 530 3476 lit.
556 3429 636 3501 exp.
653 3401 690 3498 7,
718 3399 779 3478 51.
805 3403 829 3476 Ι.
856 3404 921 3478 ult.
948 3413 984 3478 et
1009 3405 1089 3498 θὶς.
1122 3403 1220 3502 quod
1253 3405 1401 3502 quisque
1435 3405 1500 3475 iur.
1525 3401 1563 3494 7,
1592 3400 1627 3475 7.
1653 3403 1677 3474 Ι.
1694 3401 1725 3475 Ι.
1754 3402 1824 3502 (pr.
1852 3415 1889 3477 et
1914 3403 2016 3504 31.)

289 3518 325 3577 et
351 3507 375 3578 Ι.
399 3507 431 3578 si
458 3507 538 3604 quis
565 3507 733 3604 iniquum.
749 3504 786 3577 5.
813 3503 900 3606 (pr.)
953 3506 1023 3578 Sed
1049 3507 1215 3604 priueeps
1242 3505 1309 3578 hoe
1336 3507 1385 3577 ita
1404 3508 1450 3597 ¹⁰)
1486 3506 1601 3578 tacere
1626 3515 1765 3603 potest,
1801 3508 1831 3578 si
1859 3509 2017 3580 uomina·

333 3760 371 3836 l)
413 3758 450 3824 Β.
475 3760 574 3826 inser.
596 3759 668 3826 „An
691 3767 804 3844 partes
827 3762 959 3842 possint
978 3758 1041 3824 sibi
1062 3777 1115 3821 re·
1228 3759 1263 3840 7)
1308 3757 1654 3824 Secundleethaue:
1671 3759 2014 3825 ”Hoeiusiuraudde

291 3860 437 3926 »mittere
453 3873 698 3927 sacramentum
713 3858 1025 3926 calumniae.”—P.
1042 3859 1116 3925 „An
1184 3859 1345 3926 „salama
1376 3879 1483 3944 aeque
1508 3873 1648 3944 patrono
1672 3861 1933 3945 parentibusque
1961 3879 2014 3925 re-

291 3980 396 4026 nsaer.
407 3960 471 4028 eei.
482 3963 599 4030 remitti
609 3964 746 4047 possit.”
762 3997 802 4010 -
818 3959 869 4028 Gi.
878 3971 943 4026 not
951 3961 981 4026 3.
990 3963 1033 4026 ad
1043 3960 1071 4024 Ιι.
1083 3959 1115 4046 3.
1184 3962 1363 4026 „mittitur”
1379 3995 1421 4010 -
1443 3960 1492 4026 of.
1511 3963 1616 4026 Glora.
1633 3962 1675 4027 ad
1690 3965 1743 4027 ist.
1759 3961 1790 4048 3.
1803 3961 1835 4025 4.
1850 3961 1883 4025 ὶιι
1900 3981 1929 4026 v.
1945 3963 2011 4026 exi·

332 4062 372 4138 7)
416 4061 659 4145 CiiHopotr'aD
678 4069 719 4127 θ.
734 4061 765 4150 3
775 4064 826 4128 77.
837 4063 992 4148 1163614.
1002 4071 1035 4127 et
1043 4082 1115 4146 seq.
1183 4075 1288 4150 geter.
1304 4083 1393 4128 vers.
1408 4066 1504 4126 tertio
1521 4073 1607 4128 notu.

331 4159 371 4235 3)
414 4163 455 4228 H.
470 4165 502 4228 d.
523 4176 555 4229 et
569 4164 591 4228 Ι.
606 4175 679 4230 test.
696 4169 741 4230 Io.
758 4167 860 4230 Andr.
884 4169 928 4228 ad
941 4168 980 4228 θ.
996 4187 1042 4245 sp.
1059 4162 1116 4228 lib.
1226 4165 1264 4247 8)
1308 4165 1345 4230 H.
1368 4165 1400 4227 d.
1420 4173 1492 4226 test
1520 4165 1629 4226 Terror.
1657 4173 1739 4245 part.
1752 4162 1784 4228 3.
1814 4163 1859 4228 tit.
1874 4163 1905 4228 7.
1934 4161 1966 4249 3
1980 4162 2045 4226 65

290 4262 316 4324 7.
335 4281 368 4343 p.
384 4261 415 4326 7.
436 4267 481 4330 tit.
504 4267 545 4332 de
567 4268 684 4334 iuram.
706 4265 769 4334 eal.
790 4264 820 4352 3.
835 4266 865 4330 7.
884 4287 972 4332 uum.
987 4264 1017 4330 3.
1038 4266 1071 4330 ὶιι
1087 4289 1117 4330 v.
1186 4287 1274 4332 vers.
1301 4265 1343 4329 Et
1356 4273 1444 4329 uota.
1473 4267 1517 4326 10.
1534 4265 1635 4327 Andr.
1655 4268 1698 4327 od
1710 4268 1751 4328 θ.
1766 4287 1812 4345 ep.
1828 4265 1883 4330 ΙὶΙι.
1897 4265 1928 4327 7.
1942 4263 2013 4346 pt.

290 4361 429 4426 secund.
458 4364 530 4430 Pili.
560 4369 634 4433 rubi
663 4369 784 4452 supra’'
814 4368 848 4444 (i.
872 4388 900 4432 e.
922 4379 1004 4451 pert
1027 4373 1117 4446 tert.)
1185 4371 1230 4433 tit.
1249 4367 1290 4432 de
1312 4367 1428 4430 iuram.
1450 4364 1511 4430 eal.
1534 4363 1610 4452 32.
1633 4387 1721 4431 num.
1736 4365 1766 4431 3.
1786 4367 1820 4430 iu
1834 4365 1888 4430 ult
1903 4383 1934 4429 v.
1950 4365 2012 4429 sed

291 4466 397 4528 rrubr.
417 4476 533 4550 quarta
547 4469 580 4531 iu
595 4471 719 4553 prine.'’
739 4507 781 4518 -
809 4466 1116 4535 cerotaesei.
1186 4471 1272 4554 quia.

290 4577 373 4648 part.
390 4564 420 4650 3.
438 4566 466 4628 1.
483 4575 515 4629 et
528 4579 593 4630 not.
614 4570 661 4633 la
677 4574 721 4637 ed
734 4573 766 4637 Ιι
782 4571 813 4658 3.
1270 4567 1320 4634 Cs.
1338 4571 1482 4648 liupoldo.
1500 4573 1538 4634 D.
1555 4573 1595 4634 θ.
1611 4569 1640 4657 3.
1656 4570 1708 4634 71.
1725 4587 1800 4653 pag.
1816 4566 1890 4632 316.

331 4669 371 4746 t)
415 4665 465 4732 ef.
484 4667 588 4732 Glosa.
603 4669 637 4733 iu
650 4689 682 4733 v.
698 4674 847 4758 exigitur.
1270 4670 1310 4736 G.
1325 4671 1419 4736 udde
1448 4683 1504 4736 „ut
1519 4671 1599 4736 God.
1616 4672 1658 4734 de
1673 4671 1808 4734 iureiur.
1825 4678 1932 4754 propt.
1947 4668 2008 4735 eei.
2030 4690 2063 4741 ιο

332 4769 372 4848 5)
414 4769 453 4834 Η.
470 4770 501 4834 d.
518 4772 848 4854 reseraremus.
863 4774 945 4840 titt.
962 4771 1029 4858 36.
1045 4769 1115 4837 ini.
1185 4773 1227 4838 »1.
1241 4773 1290 4837 7.”
1312 4771 1381 4854 (Gt.
1402 4783 1467 4838 not
1482 4772 1513 4837 5.
1537 4773 1579 4836 ad
1595 4770 1625 4834 h.
1641 4768 1686 4856 3.)
1717 4781 1770 4834 »et
1788 4770 1822 4834 in
1843 4769 1942 4836 Auth.
1965 4771 2011 4837 ibi

375 4869 424 4936 Gt
443 4873 548 4936 Glore.
571 4873 613 4938 ad
636 4871 656 4936 1.
672 4871 702 4935 7.
725 4870 754 4956 3.
769 4873 800 4934 4.
823 4874 907 4939 Cod.
927 4873 960 4939 h.
984 4874 1050 4954 tt,
1064 4873 1115 4938 59.
1185 4875 1321 4958 aposito.
1366 4873 1435 4939 Sed
1456 4872 1542 4938 heee
1564 4873 1711 4957 postea.”
1735 4871 1884 4952 (Haeeee
1899 4880 2009 4955 poste·

291 4975 322 5037 in
341 4997 370 5038 v.
386 4974 511 5040 remitti.
1184 4977 1274 5040 riora
1288 4975 1351 5040 tria
1365 4976 1469 5040 verba
1484 4995 1588 5040 sensu
1603 4980 1742 5054 carent)

332 5076 372 5156 6)
416 5075 455 5141 Η.
479 5075 510 5140 d.
533 5085 566 5138 et
580 5073 603 5138 l.
617 5083 690 5138 test.
707 5077 840 5138 Duroni.
855 5095 902 5152 ap.
923 5073 978 5139 tib.
991 5077 1020 5140 7.
1036 5099 1068 5161 p.
1084 5077 1115 5139 7.
1226 5076 1264 5159 9)
1306 5082 1442 5159 speciali.
1467 5075 1505 5140 G.
1536 5109 1577 5120 -
1605 5073 1656 5138 ΑΙ.
1679 5075 1900 5160 ’‘principali'’
1915 5076 1952 5140 Β.
1968 5113 2009 5124 -

291 5179 334 5242 tit.
351 5178 393 5240 de
408 5180 524 5242 iuram.
541 5175 603 5242 eal.
620 5174 650 5261 3.
660 5177 689 5239 7.
705 5196 792 5241 num.
800 5174 830 5238 4.
846 5185 878 5238 et
892 5173 936 5236 ibi
951 5179 995 5237 lo.
1012 5179 1115 5240 Andr.
1184 5177 1220 5242 P.
1237 5177 1269 5242 Ιι.
1284 5178 1306 5243 Ι.
1322 5178 1419 5261 ptura
1433 5197 1496 5242 om.
2029 5203 2059 5252 15

291 5280 322 5342 ὶιι
341 5301 370 5342 v.
386 5280 463 5344 dicit
478 5278 603 5344 Pillius.
1229 5279 1285 5362 10)
1330 5279 1370 5346 G.
1385 5279 1480 5344 edd:
1498 5277 1680 5344 „demum”
1760 5363 1814 5435 7*
