4764 5958
412 532 477 600 374
995 519 1130 584 Gratiae
1146 521 1188 586 (le
1203 520 1353 586 indiciar.
1368 521 1442 586 ord.
1469 520 1508 586 P.
1523 521 1554 587 1.

411 727 646 797 instrumenta
661 727 721 789 tuo
738 739 855 786 eoram
874 714 952 810 ipso
969 702 1035 804 ¹²),
1063 712 1091 782 si
1118 710 1224 784 iudex
1249 708 1319 784 boc
1347 713 1465 810 inique
1491 724 1655 808 negaret3
1680 713 1762 811 quia
1789 710 1834 786 ilc
1860 710 1930 786 boe
1951 712 2024 786 ridi
2049 737 2133 786 cau·

413 852 487 900 sam
514 846 673 915 magnam
701 820 792 888 inter
818 814 995 913 quantiam
1030 813 1177 884 indicem
1207 811 1406 906 delegatum
1434 817 1470 884 iu
1498 839 1603 887 causa
1631 826 1670 887 et
1692 815 1884 914 quosdam,
1926 818 1988 915 qui
2015 841 2134 888 coram

414 955 459 1003 eo
485 952 555 998 sna·
574 922 818 1021 produxerant
840 919 1082 988 instrumenta.
1134 919 1175 986 ln
1201 917 1364 988 omuibus
1391 919 1482 988 euim
1510 942 1634 1008 magna
1660 917 1768 990 debet
1794 917 1953 991 arlbiberi
1981 917 2133 1009 cautela,

415 1055 506 1132 qnae
541 1050 679 1122 semper
712 1049 731 1093 a
765 1023 839 1092 iure
872 1020 1146 1091 commendatur.
1185 1044 1257 1111 arg.
1292 1019 1334 1089 ad
1372 1018 1440 1090 boc
1466 1021 1556 1090 llist.
1569 1017 1633 1090 50.
1669 1046 1699 1092 c.
1733 1017 1975 1119 presbyteros.
1988 1017 2053 1092 51.
2082 1018 2133 1118 (ξ.

381 1133 467 1224 55.)
486 1131 532 1228 11)
565 1124 659 1199 (1.1.
684 1152 719 1223 q.
735 1121 770 1193 7.
798 1149 827 1194 c.
857 1123 1032 1220 quotiens.
1047 1119 1082 1190 9.
1111 1122 1158 1192 Χ.
1175 1122 1217 1194 G·
1244 1120 1289 1192 de
1315 1119 1415 1192 elect.
1433 1119 1518 1213 ¹l,l'a
1541 1147 1571 1193 c.
1597 1119 1798 1194 bonam.
1819 1125 1863 1211 11)
1889 1124 1934 1196 ile
1958 1119 2132 1219 appelffl,

412 1232 474 1308 18.
501 1260 530 1305 c.
557 1229 601 1300 nd
628 1227 871 1325 praesentiam.
893 1221 951 1295 16.
966 1219 1016 1323 15)
1043 1223 1089 1294 de
1114 1233 1204 1294 sent.
1232 1247 1403 1294 excomm.
1418 1220 1456 1315 5,
1472 1219 1536 1294 59.
1562 1249 1593 1296 c.
1618 1251 1681 1321 per
1706 1236 1797 1295 tuas.
1815 1223 1879 1297 40.
1897 1217 1947 1322 111)

513 1333 551 1404 Si
569 1344 683 1402 antem
696 1353 780 1401 reus
797 1327 949 1398 voluerit
970 1325 1051 1396 inde
1068 1327 1204 1420 copiam
1220 1322 1419 1422 habetest),
1441 1326 1600 1398 notarius
1619 1325 1833 1399 transcribat
1852 1329 2133 1416 instrumentum,

412 1452 449 1513 et
460 1435 711 1530 transcriptum
732 1429 848 1501 tradat
860 1427 943 1520 sibi,
970 1440 1006 1498 et
1032 1427 1204 1522 originale
1229 1439 1405 1498 remancat
1430 1453 1537 1524 penes
1561 1453 1651 1500 eum.
1686 1429 1732 1501 Χ.
1747 1431 1790 1500 G.
1808 1430 1855 1502 tle
1872 1428 2013 1526 probat.
2022 1426 2061 1522 1,
2077 1425 2134 1500 ta

414 1567 444 1615 c.
472 1539 650 1638 qnoniam.
665 1531 725 1605 ll.
744 1535 791 1621 ¹⁸)
843 1531 880 1600 Si
908 1555 993 1601 vero
1029 1529 1188 1628 quaestio
1223 1531 1337 1600 oritur
1373 1543 1507 1603 tantum
1534 1555 1643 1628 snper
1658 1530 1705 1627 11)
1730 1556 1801 1602 uuo
1827 1531 1976 1604 articulo
2003 1533 2135 1602 iustru-

367 1666 398 1719 ιο
416 1643 543 1733 menti,
586 1636 674 1709 illud
705 1631 900 1732 capitulum
926 1643 1063 1702 tantum
1087 1631 1229 1724 edatur3
1269 1657 1349 1703 nam
1376 1657 1421 1702 cx
1443 1657 1510 1724 eo,
1549 1659 1621 1731 qno
1646 1633 1724 1704 vult
1749 1634 1829 1732 quis
1855 1637 1907 1706 uti
1929 1634 1966 1705 iu
1991 1634 2134 1724 iudicia,

414 1746 460 1819 tle
485 1741 606 1817 eodem
636 1736 740 1810 debet
774 1735 976 1806 adversario
1010 1734 1146 1829 copiam
1173 1733 1311 1826 facere,
1355 1746 1391 1804 et
1417 1759 1490 1804 non
1521 1734 1565 1807 de
1590 1736 1679 1807 aliis.
1706 1747 1747 1808 ut
1772 1737 1820 1808 X.
1836 1739 1890 1808 G.
1914 1735 1960 1808 (le
1987 1735 2056 1808 lide
2081 1736 2135 1806 iu·

416 1859 539 1920 strum.
555 1841 592 1936 1,
604 1838 666 1911 ab.
693 1865 722 1911 c.
749 1843 790 1910 G.
816 1848 1018 1936 perpetuus.
1032 1833 1090 1906 11.
1106 1837 1155 1925 10)
1180 1848 1216 1906 et
1242 1863 1271 1906 e.
1298 1833 1558 1932 accepimnslr.
1575 1831 1627 1936 11)
1655 1850 1691 1910 et
1717 1863 1747 1909 c.
1774 1834 2006 1931 contingit&
2021 1833 2070 1932 ²²)

519 1948 663 2035 Cetera,
691 1965 779 2039 quae
804 1940 848 2010 ad
875 1939 965 2010 banc
990 1940 1168 2009 materiam
1196 1939 1341 2030 faciunt,
1369 1939 1523 2010 invenies
1550 1938 1656 2036 plene
1681 1941 1718 2011 iu
1745 1939 1868 2014 libello
1895 1939 2070 2013 Toncredi
2097 1939 2135 2010 in

416 2049 537 2125 eodem
563 2046 669 2119 titulo
684 2045 744 2141 11).

333 2235 415 2313 Τ.8.
1084 2222 1136 2290 Dc
1150 2221 1416 2308 allegationibus,
1437 2230 1468 2301 ¹)

515 2357 624 2426 Facta
653 2349 790 2424 demum
818 2347 972 2420 omnium
1003 2346 1311 2418 instrumentorum
1344 2345 1593 2442 productione,
1630 2349 1749 2419 statim
1775 2345 1884 2420 debat
1919 2348 2023 2422 iudex
2049 2349 2135 2420 assi·

416 2483 525 2553 gnare
551 2453 734 2526 terminum
762 2447 935 2547 partibus,
963 2461 1003 2520 nt
1028 2448 1169 2519 veniant
1193 2473 1301 2545 anper
1323 2447 1425 2519 dictis
1447 2451 1588 2521 testium
1613 2461 1650 2520 et
1677 2450 1754 2522 aliis
1782 2449 2056 2547 probationibus
2082 2454 2134 2522 in·

415 2562 531 2634 tinctis
558 2560 593 2628 in
615 2579 719 2626 cansa
747 2551 913 2645 allegare,
941 2551 1007 2621 uisi
1026 2548 1058 2648 ²)
1086 2550 1177 2622 lorte
1206 2549 1420 2624 obiiceretur
1444 2564 1568 2622 contra
1594 2553 1825 2624 instrumenta
1852 2552 1897 2626 de
1924 2553 2030 2645 laiso,
2053 2554 2135 2650 qnia

418 2674 504 2736 tnnc
522 2650 557 2763 1)
586 2651 820 2728 admittendae
843 2665 927 2724 suut
951 2649 1182 2750 probationes
1208 2664 1332 2724 contra
1359 2653 1642 2726 instrumentum.
1677 2655 1835 2744 Qualiter
1859 2668 1976 2728 autem
2001 2657 2134 2728 iustru-

366 2791 399 2843 eo
417 2777 571 2837 mentum
607 2755 780 2855 probetur
811 2755 940 2826 laisum
957 2756 1011 2848 ¹),
1052 2765 1196 2824 notatur
1229 2756 1265 2824 in
1299 2753 1422 2826 libello
1456 2757 1631 2829 Tancredi
1650 2747 1686 2861 ⁵)
1720 2768 1758 2829 et
1782 2758 1829 2829 Χ.
1857 2759 1901 2829 G.
1925 2757 1971 2830 da
1995 2755 2135 2855 probat.

415 2863 453 2961 1,
471 2864 530 2938 19.
556 2890 587 2934 c.
613 2861 730 2932 tertio.
744 2855 781 2928 5.
800 2856 832 2955 6)
858 2856 904 2928 tle
928 2857 997 2928 lide
1022 2858 1184 2928 instrum.
1198 2853 1236 2948 1,
1251 2852 1313 2927 ab.
1341 2878 1372 2928 e.
1401 2883 1482 2928 cnm
1506 2858 1693 2932 lohannes.
1713 2856 1825 2956 1111)

518 2965 738 3039 adveniente
774 2984 858 3031 vero
892 2959 1041 3033 termino
1078 2968 1304 3055 compareant
1343 2972 1485 3056 partes3
1522 2973 1558 3034 et
1591 2960 1770 3061 quaelibet
1803 2985 1887 3058 pars
1920 2959 2053 3034 lrabeat
2076 2986 2134 3036 co·

415 3071 509 3170 piam
538 3067 693 3141 omnium
720 3073 892 3136 actorum.

518 3172 565 3242 Et
597 3180 683 3239 tunc
715 3176 839 3257 surgat
870 3161 1063 3235 advocatus
1091 3162 1220 3235 actoris
1248 3174 1284 3234 et
1308 3164 1452 3260 incipiat
1488 3189 1567 3235 eum
1593 3189 1728 3236 summa
1746 3154 1783 3267 8)
1816 3164 1997 3258 diligentia
2026 3164 2134 3239 ordiri

366 3291 398 3343 25
417 3273 661 3366 allegationem
679 3256 715 3368 ⁹)
749 3289 858 3336 suam.
917 3268 964 3336 Et
997 3267 1112 3363 primo
1146 3264 1324 3360 supplicet
1357 3264 1531 3337 indicibus
1562 3292 1629 3363 pro
1663 3263 1911 3339 benevolentia
1941 3280 1978 3340 et
1995 3269 2042 3360 ¹⁰)
2074 3293 2133 3340 au-

415 3374 545 3448 dientia
573 3369 766 3467 captanda,
804 3379 839 3440 et
863 3391 930 3466 pro
955 3368 1088 3440 iustitia
1110 3365 1356 3461 observanda,
1393 3369 1620 3462 suggerendo
1646 3370 1717 3464 eis,
1752 3369 1853 3468 quod
1877 3371 1936 3442 via
1958 3372 2056 3466 regia
2082 3374 2134 3442 iu·

416 3537 861 3558 „„.-.--.-—-

459 3627 516 3709 11)
560 3631 635 3707 ipso.
653 3619 746 3684 -B.
764 3619 880 3702 „ipis”
1352 3620 1387 3704 l)
1430 3620 1478 3687 lta
1492 3632 1608 3687 noster
1621 3619 1782 3707 pagare.
1797 3642 1888 3688 vers.
1898 3622 1948 3688 10.
1965 3621 2074 3687 ll.-
2095 3621 2133 3688 B.

460 3730 517 3814 13)
562 3746 632 3810 arg.
649 3724 742 3788 verb.
758 3721 970 3804 „ampliorem
985 3719 1180 3787 cantelam.”
1307 3719 1379 3787 aDc
1401 3721 1652 3810 allegationibus
1671 3722 1833 3790 faciendis
1849 3745 1953 3810 snper
1970 3725 2067 3792 dictis
2087 3733 2132 3792 te·

459 3830 516 3914 14)
559 3848 648 3893 vers.
668 3824 747 3891 licet
770 3832 879 3889 antem
894 3835 1009 3890 essent
1021 3825 1160 3890 notoria.
1188 3824 1240 3888 ln·
1309 3825 1457 3890 „stium”

415 3955 489 4000 noc.
504 3931 534 3995 3.
1349 3924 1387 4008 1)
1430 3933 1502 3990 rabi.
1516 3963 1558 3976 -
1572 3925 1610 3992 B.
1625 3927 1729 3992 „obt”

382 4048 399 4100 5
460 4033 519 4116 15)
561 4029 723 4097 Alexand.
731 4029 811 4096 3.-
826 4029 873 4095 lbi
885 4027 989 4093 Gloss.
1007 4028 1040 4095 in
1054 4049 1086 4094 v.
1102 4027 1240 4096 absolvi.
1350 4029 1388 4102 a)
1431 4037 1512 4090 terrae.
1528 4063 1569 4080 ·-
1584 4029 1623 4094 B.
1639 4031 1778 4096 „nunc”

415 4135 476 4204 aad
493 4132 685 4201 cantelam.'’
1351 4130 1389 4211 4)
1428 4133 1556 4214 [dama.
1571 4130 1613 4196 B.
1628 4150 1693 4196 om.

459 4236 516 4321 16)
559 4235 652 4300 verb.
682 4251 901 4320 „quamquam
931 4253 984 4316 ap.
1014 4234 1116 4299 sedes
1143 4235 1241 4298 etiam
1350 4231 1388 4314 5)
1431 4231 1504 4295 vid.
1522 4231 1773 4318 Toumpartl..
1789 4231 2133 4325 ocaeapagase

417 4341 521 4408 „tales
548 4339 760 4403 consueverit
785 4331 960 4400 absolvere
979 4335 1023 4400 ad
1046 4334 1243 4402 cantelam.”
1308 4353 1397 4400 vers.
1412 4332 1442 4399 6.
1459 4343 1492 4398 et
1505 4351 1601 4420 seqq.

415 4443 525 4509 luuoc.
540 4445 572 4507 3.
1350 4435 1389 4519 6)
1433 4434 1536 4500 Clam.
1550 4441 1580 4504 3.

368 4559 401 4612 io
462 4545 521 4618 17)
564 4545 685 4604 tobes-e.
702 4536 741 4602 B.
757 4559 819 4603 om.
1352 4538 1389 4619 7)
1431 4537 1544 4604 lunoc.
1562 4543 1591 4606 3.
1621 4537 1672 4604 Gt
1689 4539 1889 4610 aomina.
1905 4543 2134 4630 quodlibetiu·

462 4643 519 4727 18)
562 4667 585 4706 e.
603 4647 754 4726 quonian
771 4639 825 4717 (B.
843 4639 1002 4726 sqtnm.”)
1016 4641 1126 4707 lnnoc.
1141 4645 1170 4708 3.
1310 4649 1536 4706 stmmeutum.

461 4746 518 4828 19)
560 4765 662 4826 saper.
678 4775 720 4794 -—
734 4741 773 4808 B.
788 4743 901 4808 „aab”
1349 4741 1400 4826 8)·
1429 4761 1558 4806 scam.
1575 4777 1615 4790 ·-
1631 4742 1670 4808 B.
1686 4747 1798 4812 „suc”

459 4847 519 4931 10)
563 4843 746 4930 Gregorii.
1352 4845 1389 4926 9)
1432 4845 1746 4923 chamoam-B.
1762 4845 1936 4928 orelam
1951 4847 2133 4916 cuiusloco

459 4949 518 5031 11)
561 4945 723 5012 Alexand.
741 4943 772 5011 3.
892 4958 895 4966 '
1309 4943 1572 5031 rariloquum,
1588 4949 1732 5012 sednon
1747 4959 1823 5034 apte
1838 4951 2017 5036 scripseris
2032 4969 2132 5037 sque·

371 5065 400 5114 ¹15
459 5049 518 5130 11)
562 5047 791 5115 Occisum&
822 5045 874 5115 Cf.
896 5048 1002 5114 Glorr.
1028 5047 1062 5114 in
1089 5065 1121 5112 v.
1151 5045 1241 5114 exhl-
1311 5047 1464 5114 „retem”
1479 5049 1551 5114 aive
1568 5049 1812 5117 „relationem”

422 5155 512 5220 bere.
528 5163 560 5217 et
574 5153 607 5216 in
621 5172 651 5216 v.
667 5151 756 5216 illud.
1354 5150 1410 5236 10)
1452 5161 1491 5216 et.
1506 5151 1621 5218 Rom.

460 5253 521 5334 13)
566 5250 617 5318 Cs.
637 5251 744 5316 Toacr.
762 5262 843 5335 part
857 5252 889 5319 3.
905 5253 948 5318 tit.
967 5251 1016 5317 1³.
