4782 5960
864 577 928 665 mr.
943 595 974 664 9.
1003 595 1057 666 De
1072 597 1334 684 exceptionibus.
1366 596 1397 687 §.
1411 597 1444 667 5.
1940 605 2005 674 355

275 788 378 862 nibus
407 788 581 862 alliciatur
602 795 714 882 actor,
743 797 782 860 nt
806 788 889 882 big.
915 786 960 862 de
985 795 1123 885 except.
1139 784 1205 880 dd,
1220 784 1253 861 l.
1278 787 1301 860 l.
1322 783 1356 860 l.
1384 797 1420 860 ct
1441 789 1521 883 big.
1549 787 1594 862 do
1619 788 1830 888 probam,
1847 792 1884 866 5.
1913 797 1937 869 l.
1964 799 2001 870 in

274 890 555 991 exceptionibus.
570 887 629 963 19.
658 879 774 997 (pn),
814 888 983 963 defecerit
1014 890 1051 962 in
1083 888 1281 986 probando.
1332 890 1429 962 Reus
1462 903 1576 964 autem
1610 894 1645 964 iu
1679 897 1871 968 continenti
1904 911 2002 996 petat

273 1006 429 1068 actorem
457 995 586 1085 iurare,
615 1018 726 1090 super
752 991 1020 1091 exceptionibus
1046 993 1255 1090 propositis,
1282 990 1326 1062 de
1355 995 1501 1066 veritate
1527 994 1746 1088 dicenda82).
1799 1001 1898 1072 Reus
1914 1027 2000 1077 vero

272 1122 337 1194 per
362 1096 618 1172 contessionem
644 1097 756 1192 partis
782 1095 952 1168 adversae
976 1119 1075 1166 suam
1103 1095 1235 1191 poterit
1258 1095 1484 1166 intentionem
1510 1095 1678 1192 tundere,
1705 1101 1797 1170 etsi
1823 1127 1889 1198 per
1915 1129 1998 1176 con·

270 1200 459 1272 tersionem
485 1199 616 1296 poterit
643 1196 821 1291 obtinere,
848 1195 938 1269 bene
968 1195 1130 1294 quidem,
1157 1195 1316 1294 alioquin
1341 1195 1427 1268 alias
1452 1195 1683 1294 probationes
1707 1200 1862 1276 inducat.
1929 1253 1933 1264 ·
2016 1227 2032 1280 s

376 1301 600 1373 Advenientc
625 1325 712 1372 vero
740 1299 905 1393 termino,
930 1300 961 1370 si
986 1298 1092 1370 iudex
1118 1300 1348 1394 excipientem
1373 1300 1601 1372 intentionem
1630 1327 1730 1376 suam
1757 1304 1924 1379 lundasse
1948 1310 1998 1382 vi·

272 1403 367 1476 derit
392 1415 428 1476 et
455 1400 546 1476 bene
574 1401 749 1500 probasse
763 1403 834 1494 83),
876 1427 943 1499 pro
979 1427 1041 1472 reo
1069 1401 1274 1496 pronuntiet
1307 1398 1376 1473 boc
1403 1399 1527 1474 modo:
1569 1406 1688 1496 „Quia
1719 1405 1805 1478 mibi
1840 1412 2001 1486 constitit

273 1505 501 1599 „evidentor,
543 1503 794 1604 presbyterum
822 1505 864 1575 P.
891 1504 935 1575 de
960 1501 1023 1574 tali
1050 1502 1131 1574 loco
1158 1516 1318 1599 tempore
1344 1504 1599 1599 impetrationis
1634 1507 1746 1579 luisse
1773 1510 1913 1584 vinculo
1939 1540 1999 1586 ex·

272 1609 623 1701 „comminationis
649 1607 872 1699 adstrictum,
901 1605 981 1676 ideo
1008 1604 1140 1697 literas,
1169 1602 1214 1675 ad
1242 1631 1296 1676 me
1322 1631 1388 1701 per
1414 1606 1527 1702 ipsum
1555 1633 1573 1678 a
1601 1607 1685 1681 sede
1711 1612 1908 1708 apostolica
1934 1617 1998 1686 im·

272 1721 477 1885 „petatem
517 1707 792 1828 interloquendo
823 1708 1016 1805 pronuntio
1048 1731 1120 1779 non
1156 1705 1275 1778 valere
1308 1720 1344 1780 et
1377 1733 1432 1779 me
1467 1732 1532 1806 per
1558 1711 1653 1807 ipsas
1679 1713 1715 1782 iu
1743 1737 1847 1786 causa
1867 1737 1995 1815 prooe-
2014 1739 2049 1794 so

325 1837 383 1888 ere
408 1837 479 1883 non
533 1817 646 1884 osse.'

271 1861 297 1905 '⁹
374 1913 413 1986 Si
439 1838 530 1989 verli
554 1939 637 1988 reus
663 1911 816 2011 probare
844 1936 916 1983 uon
942 1909 1101 2006 potuerit
1126 1908 1184 1980 vel
1212 1907 1383 2002 noluerit,
1416 1910 1512 2008 quod
1542 1911 1684 2008 obiicit,
1717 1917 1921 2013 pronuntiet
1946 1921 1998 1994 sic

271 2017 377 2090 iudex
404 2029 526 2088 contra
553 2018 688 2114 ipsum:
713 2018 830 2108 „Cum
858 2010 1048 2111 presbyter
1075 2012 1117 2082 G.
1142 2009 1188 2084 dc
1210 2010 1324 2086 Podio
1347 2025 1470 2084 contra
1496 2016 1523 2086 l.
1551 2017 1800 2116 presbyterum
1825 2019 1869 2092 de
1893 2022 1998 2096 Valle

270 2118 506 2216 „excipiendo
540 2120 768 2217 proposuerit
794 2143 912 2189 coram
944 2114 1070 2206 nobis,
1114 2112 1211 2212 quod
1248 2114 1371 2186 literae
1404 2117 1620 2211 apostolicae
1652 2119 1698 2190 ad
1731 2145 1796 2192 nos
1824 2147 1889 2219 per
1916 2149 1996 2198 eum

270 2218 467 2315 „obtentae
501 2246 572 2292 uon
603 2220 780 2314 valerent,
821 2245 889 2316 pro
920 2242 983 2311 eo,
1024 2215 1119 2313 quod
1145 2214 1259 2288 dictus
1285 2218 1313 2288 l.
1340 2215 1529 2316 presbyter
1556 2231 1715 2318 tempore
1740 2223 1996 2318 impetrationis
2016 2241 2048 2294 ts

270 2334 375 2415 „erat
398 2324 539 2396 vinculo
565 2320 935 2396 excommunicationis
961 2319 1168 2412 adstrictus,
1193 2316 1269 2400 sed
1285 2315 1334 2416 ⁸¹)
1369 2319 1445 2414 ipse
1479 2321 1515 2392 in
1547 2323 1695 2396 termino
1721 2321 1791 2394 sibi
1816 2327 1996 2420 assignato

271 2451 371 2520 „non
400 2424 622 2522 probaverit,
653 2424 751 2522 quod
779 2423 925 2496 obiecit:
958 2447 1029 2492 uon
1056 2418 1222 2493 obstante
1249 2422 1457 2517 exceptione
1485 2426 1688 2521 proposita,
1723 2430 1995 2523 pronuntiamus

269 2529 394 2626 „ipsas
420 2529 541 2600 literas
564 2528 681 2600 valere
706 2553 747 2600 ac
773 2551 840 2598 nos
868 2528 904 2596 in
930 2549 1035 2596 causa
1062 2522 1216 2616 legitime
1244 2547 1352 2619 posse
1377 2525 1599 2620 procedere.''

370 2631 418 2702 Et
446 2632 526 2728 quia
551 2632 586 2702 in
614 2629 819 2702 huiusmodi
844 2624 1113 2724 exceptionibus
1138 2624 1316 2720 excipiens
1342 2629 1525 2700 cousuevit
1546 2628 1749 2708 adversario
1769 2631 1995 2706 condemnari

269 2733 306 2804 in
333 2736 519 2830 expensis,
560 2734 590 2803 si
614 2733 709 2804 l'orte
738 2733 773 2800 in
800 2730 930 2803 eisdem
956 2727 1149 2825 probandis
1167 2715 1220 2899 δί)
1244 2725 1404 2821 deficiat,
1438 2731 1509 2802 imo
1542 2728 1586 2802 de
1612 2733 1686 2804 iure
1711 2730 1840 2827 debet,
1882 2746 1923 2806 ut
1948 2737 1994 2808 X.
2012 2759 2046 2815 ao

270 2837 314 2908 G.
337 2835 381 2906 de
406 2835 491 2906 dolo
520 2845 556 2906 et
579 2844 673 2906 cont.
685 2829 723 2922 Β,
740 2829 800 2904 ll.
828 2857 858 2904 c.
883 2826 1134 2928 tinem.5.⁸⁶),
1173 2830 1185 2900 i
1212 2855 1254 2900 eo
1283 2829 1328 2901 dc
1362 2830 1649 2905 condemnatione
1677 2859 1912 2932 expensarum
1943 2839 1995 2908 iu·

267 2935 339 3007 dex
364 2937 400 3006 in
428 2939 497 3008 line
523 2935 807 3007 interlocutoriae
833 2932 939 3005 addat
965 2931 1034 3004 boc
1059 2930 1184 3003 modo:
1224 2931 1323 3023 „Sed
1356 2934 1438 3028 quia
1472 2932 1660 3034 presbyter
1685 2938 1728 3008 G.
1764 2961 1838 3010 non
1863 2935 1994 3036 proba·

269 3038 371 3130 ,‚vit‚
399 3037 497 3135 quod
525 3036 676 3128 obiecit,
706 3037 883 3108 taxatione
909 3047 945 3108 et
970 3035 1164 3108 iuramento
1191 3035 1409 3131 praemissis,
1436 3036 1471 3106 in
1497 3039 1664 3133 expensis
1689 3037 1810 3112 decem
1836 3041 1905 3114 sol.
1933 3041 1993 3114 ad·

269 3142 453 3232 „versario
478 3139 781 3211 condemnamus.’'

370 3243 418 3314 Et
446 3239 490 3312 ab
516 3243 583 3312 ista
608 3241 875 3312 interlocutoria
901 3263 984 3337 pars
1010 3248 1173 3333 gravata,
1200 3237 1231 3308 si
1256 3237 1430 3331 voluerit,
1465 3240 1646 3336 appellare
1670 3244 1804 3340 poterit
1814 3241 1885 3339 87),
1926 3245 1992 3318 sic·
2010 3273 2043 3326 as

269 3356 310 3416 ut
337 3343 426 3414 inlra
461 3345 515 3414 tit.
542 3343 587 3414 de
614 3342 743 3440 appell.
770 3344 846 3414 Deo
878 3341 985 3414 dante
1012 3341 1166 3414 dicemus
1176 3341 1238 3437 88).
1290 3339 1329 3410 Si
1364 3367 1446 3413 vero
1479 3343 1589 3414 altera
1631 3369 1713 3441 pars
1746 3344 1992 3442 appellaverit,

268 3456 389 3544 potest
416 3445 542 3537 iudex,
571 3447 601 3516 si
622 3445 751 3517 viderit
778 3444 963 3542 expedire,
990 3467 1090 3515 suam
1113 3442 1416 3515 interlocutoriam
1442 3469 1630 3539 revocare,
1656 3446 1897 3543 appellatione
1922 3475 1993 3523 non

270 3548 454 3642 obstante,
484 3549 572 3618 etsi
600 3549 837 3639 revocaverit,
864 3548 900 3618 in
927 3569 1028 3618 causa
1055 3556 1175 3642 potest
1200 3544 1411 3640 procedere,
1445 3558 1544 3643 parte
1570 3548 1773 3645 appellante
1798 3551 1901 3623 etiam
1927 3577 1991 3624 no·

269 3653 375 3724 lente.
408 3664 449 3723 ut
482 3649 593 3720 babes
630 3673 798 3746 expresse
825 3650 871 3719 X.
899 3651 942 3721 G.
975 3645 1021 3719 de
1053 3646 1185 3746 appell.
1196 3643 1234 3740 Β,
1249 3643 1310 3716 28.
1348 3673 1377 3718 c.
1411 3673 1491 3720 cum
1524 3663 1694 3723 cessante.
1711 3648 1775 3726 60.
1791 3643 1845 3754 89)
1880 3664 1915 3726 ct
1947 3653 1992 3725 dc

268 3765 459 3852 praesumt.
474 3748 511 3844 ⁰2,
527 3749 590 3841 25.
617 3779 646 3825 c.
674 3753 809 3823 all'erte.
825 3745 877 3854 9⁰)
906 3747 942 3820 Β.
961 3749 1009 3841 ⁰¹)
1030 3789 1083 3806 -
1132 3750 1329 3823 Revocatio
1345 3739 1398 3851 92)
1427 3764 1544 3823 autem
1572 3753 1859 3826 interlocutoriae
1884 3750 1991 3825 debet
2007 3773 2041 3827 ³⁰

268 3857 345 3928 lieri
371 3867 522 3952 utraque
550 3867 651 3951 parte
680 3865 889 3952 praesente,
934 3852 1096 3951 quamvis
1132 3851 1276 3949 quidam
1309 3850 1450 3945 maligni
1483 3852 1615 3927 iudices
1647 3864 1785 3950 partem
1816 3853 1991 3953 decipiant

267 3957 522 4054 appellantem:
565 3959 715 4051 primum
750 3957 934 4028 dimittunt
960 3955 1196 4053 appellantem
1224 3979 1303 4024 cum
1331 3978 1395 4026 sua
1424 3954 1659 4050 appellatione
1686 3979 1707 4024 a
1733 3979 1798 4025 sua
1824 3981 1989 4052 praesen·

267 4062 315 4132 tia
341 4058 525 4150 recedere,
551 4069 586 4128 ct
612 4069 736 4154 postea
762 4070 947 4155 praesente
975 4056 1112 4130 notario
1141 4055 1199 4127 vel
1224 4054 1359 4126 idoneis
1389 4057 1537 4126 testibus
1563 4082 1639 4126 cam
1667 4068 1856 4151 revocant,
1883 4060 1990 4133 etsie

266 4159 503 4259 appellantem
529 4157 720 4250 deludunt,
763 4161 845 4258 quia
877 4185 956 4232 cum
987 4158 1170 4258 appellans
1203 4183 1323 4228 coram
1357 4157 1470 4228 iudice
1506 4157 1752 4252 appellationis
1786 4156 1830 4232 de
1859 4162 1987 4259 iniqui·

265 4276 339 4336 tate
363 4259 649 4334 interlocutoriae
675 4260 851 4350 docuerit,
895 4260 1006 4334 altera
1040 4285 1122 4358 pars
1157 4257 1288 4356 probat
1320 4259 1356 4327 in
1384 4259 1577 4330 continenti
1604 4260 1816 4352 gravaminis
1844 4287 1987 4336 revoca·
2006 4281 2039 4336 aa

265 4368 414 4456 tionem,
442 4372 477 4433 et
503 4364 553 4432 sic
578 4361 760 4460 appellans
787 4363 963 4434 invenitur
988 4364 1102 4434 minus
1131 4362 1285 4455 legitime
1311 4384 1542 4454 provocasse,
1580 4373 1615 4432 et
1639 4361 1743 4456 ideo,
1776 4363 1987 4436 condemna·

308 4615 362 4690 82)
409 4613 713 4698 capomatius.
737 4611 871 4679 subfin.
1203 4608 1262 4687 89)
1306 4607 1357 4674 Cf.
1387 4613 1498 4674 Taum.
1520 4615 1652 4695 pared.
1673 4613 1762 4679 sco
1789 4613 1819 4700 ς.
1837 4615 1887 4681 14.
1910 4636 1987 4704 pag.

307 4717 367 4796 83)
408 4722 566 4798 probasse.
583 4746 622 4758 -·
638 4713 677 4778 B.
694 4715 883 4798 ”probant”
1161 4711 1234 4778 301.
1252 4731 1342 4776 vers.
1361 4711 1409 4777 15.
1425 4721 1544 4799 etseq.

306 4820 366 4892 84)
409 4821 472 4882 aad.
487 4816 576 4880 -Β,
597 4816 678 4882 „si”
1204 4814 1261 4887 99)
1304 4822 1421 4896 offerte.
1440 4849 1481 4862 -
1496 4814 1535 4880 B.
1552 4816 1736 4882 „calmeta”
1877 4879 1888 4900 „

307 4921 366 4998 85)
408 4923 585 5000 protendis.
602 4953 643 4964 -
658 4916 698 4981 B.
714 4916 909 5002 „probandi
1203 4915 1261 4992 91)
1305 4935 1348 4981 ex
1364 4915 1393 4981 l.
1410 4915 1542 5002 Repe,
1558 4917 1608 4982 24.
1626 4927 1746 5002 etseq.
1762 4915 1813 4984 (Β.
1829 4920 1934 4984 Gloss.
1951 4921 1985 4987 in

306 5022 366 5106 86)
409 5021 520 5086 lnnoc.
535 5019 566 5085 3.
583 5017 634 5084 Cf.
653 5019 757 5084 Gloss.
772 5019 851 5084 inv.
867 5037 1047 5103 expensas.
1163 5037 1195 5082 v.
1211 5017 1262 5082 ait
2001 5033 2017 5083 s

306 5123 366 5200 87)
408 5129 438 5186 ai
452 5126 594 5199 coluerit,
623 5125 916 5202 appellorepoterit.
931 5155 970 5168 -
991 5119 1027 5184 Β.
1045 5118 1096 5183 nsi
1204 5117 1263 5194 99)
1305 5117 1345 5184 Β.
1363 5117 1466 5184 inscr.
1488 5118 1655 5194 „Qualiter
1675 5119 1732 5186 liat
1749 5122 1916 5190 revocatio
1937 5125 1985 5192 in·

264 5221 603 5308 „voluitappellarm”
1163 5220 1446 5288 eterlocutoriae.'’

306 5325 365 5403 88)
410 5335 496 5412 part.
510 5330 543 5393 3.
558 5324 604 5389 tit.
618 5321 650 5388 9.
666 5320 768 5390 subl.
1708 5407 1784 5482 43*
