4786 5962
382 563 451 648 (De
465 563 569 628 rebus
583 560 715 646 petend.
731 568 764 626 et
778 559 903 645 design.
921 559 1010 624 etde
1024 579 1114 626 caus.
1129 560 1266 644 exprim.
1296 559 1326 648 §.
1341 561 1373 624 2.
1416 559 1468 626 De
1484 560 1625 626 editione
1640 559 1804 628 iacienda.
1833 560 1918 649 §.3.)
1980 563 2018 630 ll

399 755 456 826 Ex
480 751 669 850 praedictis
696 746 859 847 ergo⁴⁷),
886 775 975 848 quae
991 750 1095 822 -circa
1118 750 1323 847 petitionem
1349 775 1466 822 rerum
1486 750 1698 845 dictasunt,
1726 753 1909 828 manifeste
1934 777 2018 826 eon·

298 858 466 947 vincitur,
498 852 595 952 quod
621 851 754 926 sufficit
773 852 811 921 in
837 853 972 924 actione
1000 852 1037 922 in
1063 877 1157 946 rem,
1189 853 1218 924 si
1243 852 1323 948 quis
1349 850 1442 922 dicat
1469 852 1730 948 rodominus,
1771 856 1837 928 etsi
1861 881 1934 928 non
1959 881 2019 928 ex·

297 962 428 1058 primat
453 955 598 1030 dominii
623 978 775 1028 eausam.
828 951 898 1024 Sed
925 977 970 1026 au
995 953 1146 1047 sufficit,
1188 955 1221 1023 si
1246 963 1347 1024 actor
1372 979 1466 1046 rem,
1506 980 1612 1051 quam
1643 958 1751 1052 petit,
1786 957 1881 1029 dicat
1913 959 1949 1028 in
1977 959 2018 1032 li·

297 1062 395 1136 bello
422 1085 498 1132 eam
523 1057 568 1130 ud
595 1083 634 1128 se
661 1055 860 1154 pertinere?
912 1056 959 1128 Et
985 1056 1141 1149 videtur,
1176 1053 1274 1153 quod
1301 1057 1374 1149 sic,
1410 1057 1576 1151 quoniam
1599 1069 1718 1154 potest
1742 1084 1942 1155 proponere
1968 1063 2019 1134 rei

297 1163 567 1236 vindicationem
593 1159 653 1232 vel
680 1157 930 1256 publicianam,
955 1157 1039 1229 dum
1065 1173 1181 1231 tamen
1206 1183 1250 1230 ex
1274 1182 1342 1228 una
1365 1183 1482 1229 earum
1511 1170 1728 1254 protestetur
1754 1186 1794 1235 se
1817 1161 1910 1234 velle
1934 1178 2053 1236 con-5

297 1265 419 1365 sequi,
456 1262 552 1362 quod
577 1260 648 1332 sibi
676 1259 844 1354 debetur3
877 1270 918 1332 ut
942 1261 1022 1353 θὶς.
1050 1285 1153 1359 quor.
1179 1255 1364 1352 legundi),
1390 1255 1427 1330 5.
1454 1258 1478 1331 Ι.
1497 1256 1531 1331 1.
1558 1257 1608 1359 (5.
1625 1258 1679 1360 4.)
1694 1259 1745 1360 43)
1771 1289 1856 1357 crgo
1884 1263 1965 1336 licet
1989 1266 2019 1336 ci

299 1369 417 1440 dicere
442 1390 549 1438 suum
576 1362 633 1434 vel
659 1363 758 1460 quasi
782 1387 905 1456 sunm,
943 1373 979 1433 ct
1004 1363 1056 1434 sic
1082 1388 1154 1435 noc
1183 1359 1290 1434 habet
1314 1385 1458 1434 necesse
1478 1362 1596 1434 dicere
1621 1388 1724 1436 suum
1749 1366 1924 1464 praecise,
1956 1366 2020 1440 sed

298 1469 433 1542 sufficit
459 1467 595 1557 dicere,
621 1491 696 1536 rem
723 1464 768 1536 ad
794 1489 832 1536 se
857 1464 1043 1561 pertinere.
1069 1475 1111 1536 ut
1136 1489 1209 1558 arg.
1235 1464 1316 1556 θὶς.
1342 1462 1386 1536 de
1411 1462 1552 1536 verbor.
1581 1465 1696 1558 signif.
1709 1461 1776 1558 50,
1804 1463 1864 1538 16.
1890 1468 1915 1539 l.
1940 1495 2019 1542 rer·

297 1571 383 1642 hum
407 1568 498 1641 illud
523 1568 709 1666 pertinere.
731 1561 814 1638 181.
866 1568 1046 1659 Ceterum,
1073 1567 1155 1663 quia
1182 1562 1331 1638 verbnm
1356 1557 1585 1662 „pertinere”
1613 1566 1684 1638 late
1708 1579 1818 1664 patet,
1844 1581 1885 1640 ut
1911 1568 2018 1644 lrabe-

297 1685 358 1746 tur
382 1672 419 1742 in
448 1671 529 1764 lcgc
553 1669 754 1767 praedicta,
793 1670 863 1740 iam
898 1693 971 1740 uon
1004 1681 1100 1740 esset
1132 1665 1342 1739 beneficium
1373 1667 1536 1739 editionis
1571 1669 1709 1740 salvum
1744 1696 1826 1763 reo;
1867 1695 1932 1742 nec
1958 1697 2018 1744 cx·
2037 1689 2071 1742 10

296 1770 437 1871 inde40)
463 1783 583 1870 potest
613 1796 691 1844 esse
718 1773 912 1842 instructus
938 1770 1062 1868 plene,
1090 1769 1176 1842 velit
1201 1769 1324 1842 cedere
1349 1768 1407 1842 rel
1423 1769 1472 1868 ⁵⁰)
1500 1769 1732 1865 contendere3
1768 1769 1830 1845 sed
1856 1796 1922 1869 per
1947 1773 2019 1846 edi·

296 1878 430 1949 tionem
453 1875 506 1948 sic
531 1872 639 1946 debet
663 1874 864 1964 certiorari,
906 1885 945 1945 ut
976 1872 1022 1945 de
1052 1871 1122 1943 hoc
1154 1870 1259 1968 plene
1291 1873 1406 1968 possit
1438 1874 1576 1945 instrui.
1603 1884 1644 1944 ut
1669 1874 1749 1968 θὶς.
1774 1872 1818 1946 de
1845 1873 2018 1967 edendffi,

298 1973 579 2150 15511151.)
605 1988 640 2047 ct
665 1977 701 2046 in
726 1973 836 2047 lauth.
862 1974 954 2048 cott.
970 1971 1006 2046 5.
1032 1974 1076 2046 dc
1102 1972 1220 2046 exhib.
1247 1985 1283 2047 et
1308 1975 1439 2048 introd
1466 1978 1546 2048 reis.
1569 1973 1604 2073 5.
1630 1977 1819 2048 sancimus.
1841 1974 2020 2073 (Nou55.

296 2107 327 2152 c.
370 2131 380 2150 ·
432 2130 441 2149 ·
481 2130 491 2148 ·
2047 2147 2055 2164 .
2092 2145 2102 2165 .

397 2077 507 2278 51))
536 2180 680 2252 [lictum
708 2190 761 2250 est
791 2203 916 2275 snpra,
956 2178 1108 2275 qualiter
1141 2175 1282 2249 libellus
1308 2179 1422 2274 possit
1449 2190 1483 2249 et
1511 2176 1638 2250 debeat
1665 2180 1801 2275 concipi
1828 2177 1873 2250 ab
1900 2091 2091 2254 actoregta5

297 2283 452 2382 experiri
476 2280 629 2356 volente.
681 2283 815 2354 Verum
845 2279 924 2372 lege
951 2292 1111 2371 caretur,
1147 2279 1246 2376 quod
1271 2303 1374 2351 nemo
1401 2280 1554 2378 experiri
1580 2285 1700 2378 polest
1726 2280 1800 2352 sine
1825 2283 1962 2354 actione
1979 2279 2023 2380 ²).

297 2397 338 2459 nt
362 2386 443 2478 θὶς.
469 2383 513 2456 de
540 2383 733 2456 administr.
758 2394 869 2454 tutor.
886 2377 950 2474 26,
979 2379 1013 2452 7.
1040 2382 1064 2453 l.
1091 2383 1267 2479 quotiens.
1284 2377 1320 2452 9.
1348 2379 1383 2480 5.
1404 2383 1498 2454 item.
1511 2377 1547 2454 Β.
1571 2378 1608 2452 5.
1629 2379 1672 2480 3).
1730 2381 1816 2454 ltleo
1843 2384 2020 2454 sciendum

298 2501 374 2579 est,
416 2485 515 2584 quod
542 2497 643 2558 actor
670 2486 763 2556 dicta
789 2486 927 2556 ratione
954 2507 1054 2556 suam
1079 2483 1187 2557 debet
1219 2507 1422 2581 proponere
1451 2485 1622 2557 actionem
1660 2495 1696 2556 et
1727 2509 1803 2556 eam
1835 2484 1948 2556 edere.
1981 2498 2022 2557 ut

298 2591 380 2683 urg.
410 2589 455 2662 de
482 2586 604 2660 edend.
623 2583 662 2678 2,
692 2584 752 2658 15.
786 2583 858 2658 ll.
886 2590 899 2674 (
907 2591 981 2684 pr.)
1038 2587 1085 2658 Et
1119 2585 1161 2659 fit
1196 2587 1299 2658 etiam
1327 2583 1397 2660 hoc
1420 2585 1527 2658 modo
1554 2586 1700 2658 actionis
1726 2586 1851 2678 editio,
1888 2587 2022 2661 seilicet

298 2717 362 2789 per
388 2689 604 2764 oblationem
630 2688 746 2762 libelli
771 2687 1067 2780 conventioniis,
1104 2689 1186 2760 item
1219 2713 1283 2786 per
1306 2689 1517 2786 rescriptum
1543 2689 1712 2785 principis
1738 2689 1782 2759 ad
1809 2713 1932 2785 preces
1957 2688 2019 2761 ali·
2037 2713 2072 2766 ro

299 2795 394 2866 cuins
412 2795 637 2889 impetratum
650 2791 799 2863 etiudici
814 2790 1023 2864 insinuatum
1042 2801 1078 2862 et
1098 2817 1164 2888 per
1181 2815 1258 2862 curn
1278 2789 1479 2864 adversario
1501 2790 1644 2862 missum
1667 2799 1703 2862 et
1724 2791 1912 2884 cognitum.
1933 2792 2021 2862 utin

299 2893 409 2966 Autln
429 2894 473 2966 de
490 2893 634 2986 litigios.
650 2892 684 2993 5.
702 2917 841 2964 ornnem
855 2920 950 2966 vero.
966 2891 1073 2990 (Nor.
1084 2889 1168 2964 112.
1185 2919 1214 2964 c.
1223 2887 1276 2988 5.)
1329 2891 1400 2964 Sed
1421 2891 1478 2964 hic
1500 2902 1740 2988 competenter
1756 2893 1949 2990 quaeritur,
1976 2917 2022 2964 nn

300 2998 392 3068 actio
405 2998 453 3067 sit
470 2995 604 3067 edenda
622 2997 658 3065 in
683 2992 807 3066 libello
832 3020 1002 3091 expresso
1023 2996 1164 3066 nomine
1183 2995 1340 3065 actionis.
1391 2992 1618 3066 Placentinus
1636 2992 1670 3090 ⁴)
1689 2992 1828 3065 dicebat
1848 2997 2022 3067 actionem

300 3121 377 3170 esse
403 3096 573 3168 edendam
598 3096 634 3166 in
660 3093 798 3188 libello,
822 3097 889 3168 sed
914 3096 982 3168 hoc
1011 3097 1090 3193 ipso
1108 3097 1140 3187 5)
1166 3093 1387 3188 intelligebat
1415 3095 1561 3188 editam,
1591 3093 1686 3193 quod
1714 3121 1818 3167 cansa
1844 3096 1972 3170 fuisset
1989 3097 2019 3190 6)

300 3223 482 3297 expressa,
510 3207 551 3267 ut
577 3223 657 3269 ecce
676 3197 728 3294 ⁷):
755 3208 868 3292 „peto
894 3225 914 3268 a
942 3211 977 3270 te
1005 3209 1145 3269 centum
1171 3196 1318 3289 solidos,
1349 3199 1430 3294 quia
1456 3223 1530 3268 rem
1557 3221 1669 3268 meam
1696 3195 1762 3269 tibi
1782 3196 1958 3271 vendidi.'’
1985 3212 2019 3271 et
2039 3222 2071 3272 25

299 3303 362 3472 sicb
381 3301 551 3474 proponit
575 3301 644 3420 istc
660 3299 692 3390 8)
727 3301 900 3472 algionem
933 3325 977 3372 ex
1010 3299 1163 3472 suippito.
1216 3297 1287 3472 {etl
1318 3297 1478 3371 dominus
1504 3298 1678 3473 ltphannes
1704 3299 1895 3472 lppsslpanps
1913 3302 1945 3392 9)
1970 3300 2022 3372 di·
2127 3301 2132 3311 ’

298 3426 1022 3602 321³..tttttttt0‘1'tntt..tt
1024 3426 1220 3602 {xliiii
1236 3426 1435 3596 tt¹¹⁰ttt
1456 3425 1619 3602 {ttitss
1648 3429 1699 3575 'it
1733 3427 2023 3577 .i.t⁰ii¹.⁸.⁰ii‘it

340 3758 399 3840 47)
444 3779 525 3836 erqo.
543 3758 577 3821 P.
589 3759 618 3822 l.
637 3755 679 3822 G.
694 3766 728 3822 et
742 3756 793 3822 sie
806 3759 851 3818 10.
866 3758 959 3819 Burs.
974 3753 996 3820 l.
1012 3753 1033 3820 l.
1049 3775 1126 3839 pag.
1236 3756 1274 3839 3)
1317 3756 1355 3822 P.
1368 3755 1398 3820 2.
1417 3754 1457 3821 G.
1473 3755 1564 3822 add:
1588 3765 1642 3820 set
1655 3753 1731 3841 θὶς.
1755 3757 1796 3820 de
1810 3766 1920 3842 negot.
1935 3767 2020 3840 gest.

299 3858 372 3924 454.
388 3879 478 3925 vers.
491 3858 524 3922 5.
537 3895 581 3908 -
594 3858 647 3924 At
664 3858 812 3944 „igitur-’⁹
825 3856 863 3920 P.
871 3857 900 3920 2.
916 3893 957 3906 -—
972 3856 1035 3922 Ab.
1052 3877 1072 3923 a
1085 3857 1126 3923 Β.
1192 3855 1227 3938 5,
1238 3855 1273 3924 5.
1288 3857 1310 3924 l.
1326 3861 1355 3924 si
1369 3856 1495 3942 pnpilli.
1511 3856 1542 3921 6.
1558 3854 1591 3943 5.
1604 3855 1682 3921 ult.”
1697 3893 1738 3906 --
1754 3855 1805 3922 Cf.
1823 3859 1926 3922 Gloss.
1944 3858 1976 3921 in
1991 3879 2022 3922 v.

342 3959 400 4044 48)
444 3964 588 4025 10.Bass.
603 3959 627 4024 1.
641 3959 663 4025 l.
678 3979 754 4044 pag.
761 3959 835 4024 454.
843 3958 990 4026 versll.
1007 3969 1126 4045 etseq.
1195 3981 1267 4026 non
1281 3960 1404 4026 habuit.
1419 3978 1510 4025 vers.
1525 3958 1620 4024 tertio
1633 3977 1687 4022 no.

302 4069 358 4123 „ut
371 4071 482 4126 tamen
495 4071 698 4144 protestetur
712 4081 751 4126 se
767 4083 810 4126 ex
823 4081 892 4128 uno
904 4071 1029 4126 tanturm
1038 4058 1127 4127 velle
1237 4063 1274 4146 4)
1317 4066 1534 4126 Placentinus.
1555 4059 1612 4126 Sic
1632 4058 1732 4128 Go-
1758 4067 1791 4124 et
1810 4057 1885 4124 libri
1906 4081 2021 4127 manu·

303 4164 484 4246 „consequi
500 4166 551 4228 ins
566 4183 673 4228 suum.
687 4174 723 4228 ut
736 4162 814 4249 Dig.
830 4183 924 4248 quor.
939 4161 1041 4248 legat.
1056 4160 1079 4227 l.
1097 4162 1125 4226 1.
1195 4183 1261 4228 scr.
1290 4162 1394 4246 „pla”
1426 4197 1469 4208 -
1498 4157 1549 4227 Gi.
1575 4163 1716 4224 Placent.
1748 4161 1791 4226 de
1813 4162 1927 4227 variet.
1957 4173 2054 4233 acts

303 4258 354 4347 s§.
371 4261 599 4345 quiaautemss'
1194 4265 1248 4330 lib.
1259 4264 1286 4329 l.
1309 4267 1352 4329 tit
1364 4263 1392 4328 1.
1416 4263 1480 4328 sub
1502 4261 1527 4327 l'.
1556 4267 1601 4325 10.
1621 4265 1714 4325 Base.
1736 4260 1760 4326 l.
1782 4259 1803 4326 l.
1826 4287 1852 4327 r.
1873 4266 2021 4345 Suntqny.

344 4361 403 4443 49)
445 4366 785 4432 nerernr0.1>.n.-
804 4365 857 4430 Al.
873 4385 962 4432 „non
976 4368 1126 4433 exinde.”
1195 4365 1350 4451 [53454.
1367 4362 1468 4430 subt

302 4464 339 4529 Β.
356 4463 756 4534 P.l.—nnonetenim.’'
773 4467 813 4534 G.
1237 4465 1275 4548 5)
1317 4473 1395 4547 ipso.
1411 4465 1449 4530 P.
1459 4465 1486 4529 l.
1500 4465 1531 4530 2.
1550 4463 1590 4530 G.
1606 4499 1645 4512 -
1661 4464 1701 4529 Β.
1718 4484 1782 4529 om.

343 4565 403 4648 50)
446 4567 519 4627 velit
533 4569 638 4630 cedere
650 4574 703 4632 vel.
718 4570 810 4635 B.-
823 4569 876 4634 Al.
893 4569 991 4636 „velit
1005 4572 1127 4638 cedere
1238 4566 1276 4650 6)
1320 4589 1417 4631 causa
1427 4573 1550 4652 fuisset.
1565 4566 1604 4630 P.
1614 4567 1643 4632 l.
1657 4565 1689 4630 2.
1704 4563 1745 4629 G.
1760 4599 1803 4612 -
1816 4562 1869 4629 Al.
1885 4562 2021 4632 afuisset

304 4669 397 4732 „nn”
414 4666 454 4732 G.
469 4699 512 4712 --
527 4665 667 4730 „vellate
680 4673 802 4736 cedere
818 4672 893 4736 nn.'’
909 4672 946 4736 P.
958 4673 987 4737 l.
1000 4673 1031 4738 2.
1198 4671 1353 4736 „causa”
1366 4669 1406 4735 Β.
2040 4685 2070 4736 1⁰

347 4770 385 4848 l)
427 4767 466 4832 B.
480 4765 581 4832 inser.
605 4766 678 4831 „lte
698 4771 827 4836 edenda
842 4775 1002 4840 actione.”
1024 4811 1064 4822 —-
1090 4774 1127 4838 P.
1239 4773 1276 4856 7)
1320 4775 1365 4835 Io.
1387 4775 1479 4836 Baro.
1507 4771 1529 4836 l.
1559 4771 1577 4834 Ι.
1609 4777 1664 4833 „ut
1689 4785 1770 4832 ecce
1791 4767 1868 4833 dicit
1890 4767 2019 4855 uliquis,

303 4875 332 4936 2.
349 4871 426 4936 adn.
435 4870 465 4934 2.
482 4868 554 4934 „De
569 4869 714 4934 editione
729 4871 896 4938 actionis.”
1198 4873 1317 4938 „etium
1332 4874 1509 4940 rusticus.”

390 4969 442 5038 Cs-
458 4974 587 5035 Damno.
603 4970 686 5036 tit8.
702 4969 732 5035 9.
1237 4974 1278 5054 8)
1321 4983 1387 5038 istc.
1402 4975 1479 5040 PR.
1496 4970 1642 5042 G.-B.
1659 4969 1697 5034 P.
1708 4969 1737 5036 l.
1753 4991 1816 5036 om.

346 5076 382 5151 2)
425 5080 566 5154 expertri
585 5081 689 5153 potest
706 5081 774 5136 sine
796 5077 922 5138 actione.
938 5078 989 5158 (ut
1008 5077 1042 5141 in
1063 5076 1085 5142 l.
1107 5076 1128 5142 l.
1239 5075 1278 5158 9)
1321 5080 1478 5140 Iohannes
1492 5080 1582 5141 Boas.
1599 5072 1652 5158 ajo
1667 5072 1719 5138 b.'’
1734 5071 1772 5137 B.
1787 5107 1828 5122 -
1844 5071 2019 5138 „10.”P.1.

305 5178 467 5259 quotiens.
485 5172 514 5260 §.
522 5174 573 5251 3.)
589 5175 626 5238 Β.
650 5175 747 5241 etsie
763 5177 889 5238 nanas.
911 5175 992 5240 titss.
1013 5213 1054 5224 ·-
1074 5178 1128 5242 Al.
1196 5179 1285 5244 2.-
1301 5177 1491 5244 „loannes”
1506 5176 1546 5242 G.
2038 5183 2069 5232 ¹5

306 5277 398 5341 „siue
413 5278 543 5341 actione
559 5297 661 5362 egere
677 5277 817 5358 potcst.”
834 5275 870 5340 P.
881 5276 910 5340 l.
925 5275 954 5340 2.
974 5275 1014 5339 G.
1240 5280 1296 5362 Ιθ)
1340 5283 1384 5342 10.
1401 5284 1491 5344 Basr-
1512 5277 1533 5342 l.
1549 5277 1570 5344 l.
1592 5279 1745 5364 pagana.
1768 5275 1839 5343 inf.
1860 5295 1937 5361 pag.
1946 5275 2018 5340 455.

1770 5429 1819 5502 2.
