4782 5960
412 526 476 596 352
997 514 1131 600 Gratiae
1148 515 1190 580 de
1205 513 1352 580 iudicinr.
1367 514 1441 580 ord.
1470 514 1506 579 P.
1522 513 1553 580 l.
1669 589 1671 592 ,

415 713 688 814 „constitutunr,
715 735 794 782 cnm
821 705 977 782 nondum
1004 716 1097 780 esset
1123 705 1161 776 in
1186 702 1395 777 minoribns.
1430 706 1519 780 item
1545 705 1622 779 dico
1645 673 1769 780 literas
1798 729 1869 777 non
1896 705 2026 800 valere,
2053 707 2138 805 quia

416 843 505 915 „eas
534 813 852 888 excommunicatus
875 811 1086 906 impetravit.
1137 810 1227 880 ltem
1257 807 1338 880 dico
1366 833 1436 879 nou
1465 833 1572 906 posse
1598 834 1675 882 eum
1703 821 1796 880 stare
1824 808 1858 878 iu
1886 807 2033 902 iudicio,
2060 835 2138 882 carn

416 923 491 1017 „sit
523 916 844 991 excommunicatus
877 912 1003 984 maiori
1033 909 1421 983 excommunicatione.'’
1446 949 1497 964 -
1546 910 1619 981 alii
1649 924 1765 984 autem
1792 909 1894 982 aliter
1926 910 2138 1008 observant3

417 1031 625 1121 proponunt
644 1041 775 1109 unam,
798 1040 903 1112 quam
932 1011 1079 1105 volunt,
1113 1011 1345 1108 protestando
1372 1013 1457 1084 alias
1483 1011 1562 1082 sibi.
1589 1054 1641 1067 —
1691 1013 1764 1086 Sed
1790 1013 1894 1108 primi
1918 1011 2056 1085 duabus
2081 1037 2140 1084 ra·

385 1122 576 1198 ttionibus
597 1123 860 1214 impugnantur.
910 1116 1056 1206 Primo,
1086 1117 1168 1210 quia
1193 1115 1353 1209 exceptio
1380 1114 1590 1210 suspicionis
1616 1142 1688 1188 non
1713 1111 1820 1186 debet
1847 1140 1922 1186 cum
1952 1113 2028 1186 aliis
2055 1140 2140 1212 pro·

417 1227 524 1326 poni,
563 1221 658 1322 quod
684 1223 736 1292 sic
763 1217 950 1316 probatur:
988 1218 1067 1314 quia
1094 1218 1125 1286 si
1151 1226 1373 1313 proponatur
1402 1218 1576 1289 recusatio
1603 1217 1726 1290 iudicis
1751 1227 1787 1287 et
1814 1227 2035 1313 proponatur
2061 1217 2140 1290 lite·

417 1355 476 1401 ras
503 1351 573 1398 non
599 1323 736 1413 valere,
801 1343 976 1417 roponens
1003 1318 1142 1390 videtur
1168 1319 1341 1389 contraria
1371 1317 1545 1410 allegare,
1578 1329 1615 1390 et
1645 1319 1726 1391 ideo
1756 1344 1828 1390 non
1855 1330 1909 1390 est
1936 1317 2140 1412 audiendus,

418 1433 464 1504 X.
491 1431 532 1502 G.
557 1426 602 1500 de
626 1423 754 1522 appell.
767 1347 805 1514 1,
822 1419 883 1492 28.
911 1447 941 1493 c.
966 1419 1251 1492 sollicitudinem.
1266 1415 1328 1490 54.
1355 1418 1406 1516 (in
1424 1420 1465 1517 f.)
1483 1413 1557 1523 ³⁴),
1583 1422 1685 1516 quia,
1715 1446 1795 1492 cum
1820 1419 1970 1492 iudicem
1998 1447 2138 1514 recuso,

418 1531 523 1624 nolo,
561 1528 660 1628 quod
690 1552 729 1597 sc
754 1524 983 1617 intromittat,
1019 1547 1098 1593 cum
1126 1546 1210 1592 vero
1237 1518 1364 1593 obiicio
1391 1535 1515 1594 contra
1540 1521 1683 1615 literas,
1723 1523 1827 1617 volo,
1872 1519 1970 1621 iprod
1992 1523 2142 1596 interlo-

369 1655 402 1710 ιο
419 1645 567 1733 quattu,
595 1631 626 1700 si
655 1626 772 1700 valent
800 1625 858 1697 vel
883 1651 975 1716 non,
1006 1623 1103 1721 quod
1130 1622 1247 1694 lacero
1273 1620 1398 1715 debet,
1423 1626 1586 1721 quotiens
1614 1624 1794 1697 dubitatur
1818 1623 1863 1696 de
1889 1624 2141 1718 iurisdictione,

418 1739 466 1810 Χ.
492 1737 535 1806 G.
569 1731 613 1803 de
644 1722 859 1820 rescr.l,5.
893 1751 923 1798 c.
950 1721 1251 1820 attenuatae)
1285 1735 1321 1796 et
1359 1727 1406 1796 X.
1434 1729 1476 1798 G.
1505 1726 1550 1799 dc
1576 1726 1638 1798 oll'.
1667 1723 1911 1821 delectati.
1947 1752 1976 1798 c.
2010 1727 2142 1820 signiti-

419 1829 666 1913 ornatuum
682 1829 753 1925 ³⁶),
795 1840 831 1901 et
859 1830 910 1900 sic
937 1829 1021 1900 facit
1052 1853 1128 1899 eum
1168 1825 1313 1898 iudicem
1346 1827 1502 1924 quodam
1535 1829 1659 1922 modo,
1702 1842 1739 1902 et
1765 1831 1897 1925 primae
1928 1831 2142 1926 exceptioni,

348 1997 349 2000 ι
419 1939 553 2013 scilicet
578 1931 829 2022 recusationis,
868 1931 967 2028 quasi
985 1918 1037 2031 37)
1063 1930 1167 2000 tacite
1194 1927 1332 1999 videtur
1357 1931 1580 2023 renuntiare,
1617 1932 1698 2027 quin
1726 1958 1804 2004 cum
1831 1929 1994 2030 procedit
2020 1957 2142 2004 coram

419 2041 551 2130 iudice,
593 2037 690 2108 coins
722 2032 884 2104 iudicium
918 2030 1092 2104 declinare
1126 2030 1297 2121 intendit,
1341 2030 1425 2104 facit
1450 2028 1517 2103 sibi
1543 2033 1795 2129 praeiudicium
1826 2033 2081 2106 consentiendo
2106 2035 2144 2104 in

372 2151 577 2216 tseumetc
611 2137 660 2208 X.
685 2139 727 2208 G.
754 2134 799 2207 dc
827 2133 889 2207 oll'.
916 2132 1031 2226 deleg.
1046 2130 1083 2226 1,
1101 2128 1162 2203 19.
1191 2157 1220 2204 c.
1246 2133 1410 2206 relatum.
1430 2131 1488 2206 19.
1508 2135 1556 2233 38)
1593 2135 1698 2207 X.G.
1724 2135 1769 2206 de
1795 2133 1921 2228 iuda,
1940 2132 1974 2206 1.
2004 2133 2142 2227 6139)

421 2257 457 2318 et
482 2239 669 2340 praealleg.
696 2236 827 2309 decret
854 2235 1181 2330 „sollicitudinem”
1207 2230 1266 2326 (2,
1283 2231 1345 2306 28.
1370 2261 1400 2306 c.
1414 2232 1477 2308 54.
1504 2235 1571 2308 sub
1600 2235 1650 2334 l'.)
1701 2237 1749 2308 Et
1771 2235 1850 2310 idco
1877 2238 2039 2310 dixerunt
2064 2237 2144 2337 qui·

420 2346 501 2420 darn
526 2343 642 2435 magni
669 2340 755 2430 viri,
782 2337 881 2435 quod
907 2337 938 2407 si
964 2335 1089 2434 aliquis
1116 2337 1167 2408 sic
1194 2336 1366 2434 excipiat,
1393 2349 1433 2410 ut
1462 2337 1696 2433 dictumest,
1723 2349 1759 2411 et
1793 2338 1898 2413 iudex
1924 2340 2143 2438 interloqua-

421 2460 481 2521 tur
504 2469 613 2542 super
637 2442 808 2537 rescripto
835 2439 893 2511 vel
919 2438 1039 2536 aliqua
1065 2439 1289 2534 exceptione,
1325 2439 1423 2537 quod
1450 2465 1522 2512 uon
1551 2451 1671 2537 potest
1700 2451 1825 2538 postea
1850 2443 2027 2536 recusari,
2061 2445 2144 2540 quin

421 2549 561 2622 videtur
585 2548 620 2617 in
646 2569 724 2614 eum
746 2541 977 2614 consensisse.
1029 2542 1117 2612 ltem
1144 2550 1199 2612 est
1230 2550 1266 2612 et
1297 2541 1394 2613 aliud
1426 2543 1462 2614 in
1492 2545 1607 2639 primo
1640 2543 1746 2628 modo
1777 2544 2018 2640 proponendi,
2061 2547 2145 2645 quie

372 2669 407 2724 20
423 2650 580 2740 videtur,
610 2644 704 2744 quod
729 2644 832 2740 ponit
858 2667 979 2716 omnes
1006 2642 1230 2738 exceptiones
1257 2641 1326 2714 sub
1349 2644 1550 2740 copulativa
1575 2645 1841 2737 coniunctione,
1877 2657 1913 2718 et
1938 2644 2019 2718 ideo
2047 2659 2144 2718 tene-

423 2764 483 2828 tur
522 2773 644 2822 omues
683 2745 856 2845 probare,
901 2768 974 2839 arg.
1007 2744 1053 2815 Χ.
1083 2745 1126 2815 G.
1162 2740 1207 2813 de
1244 2769 1351 2819 rescr.
1370 2744 1406 2839 l,
1423 2743 1461 2817 5.
1496 2773 1528 2819 c.
1563 2772 1609 2818 ex
1643 2756 1755 2844 parte.
1771 2744 1809 2818 2.
1824 2748 1874 2839 ⁴⁰)
1909 2759 1945 2821 ct
1981 2774 2011 2822 c.
2047 2747 2144 2820 olim.

422 2851 568 2948 25⁴¹),
595 2862 630 2922 et
650 2849 681 2919 si
708 2859 886 2944 proponat
912 2845 1032 2920 decern
1058 2845 1282 2941 exceptiones
1309 2859 1345 2920 et
1372 2846 1581 2921 succumbat
1605 2850 1649 2928 in,
1666 2875 1753 2942 una,
1784 2847 2012 2924 succumbere
2038 2833 2146 2924 debet

423 2957 460 3028 in
484 2957 571 3026 aliis.
598 2993 648 3006 -
699 2949 884 3022 Secundus
909 2960 1024 3021 autem
1050 2947 1176 3019 modus
1202 2949 1254 3021 sic
1281 2950 1437 3022 tollitur:
1475 2952 1639 3049 quotiens
1654 2942 1721 3054 44).
1741 2951 1822 3049 quis
1847 2953 2016 3049 proponit
2040 2977 2143 3025 unam

425 3069 460 3133 et
483 3063 704 3154 protestetur
728 3050 794 3123 sibi
819 3049 922 3145 olias,
952 3047 1072 3122 ‘iudex
1098 3045 1206 3120 debet
1232 3052 1267 3121 in
1294 3053 1490 3124 continenti
1516 3053 1710 3149 praefigere
1735 3055 1941 3147 terminum,
1982 3054 2072 3126 inira
2089 3045 2143 3160 43)

374 3179 407 3232 at
426 3186 529 3259 quem
558 3165 736 3254 proponat
760 3179 902 3246 omnes,
943 3153 990 3224 Χ.
1017 3154 1059 3223 G.
1085 3150 1130 3223 de
1156 3164 1292 3250 except
1305 3151 1345 3247 2,
1359 3151 1419 3226 25.
1447 3179 1476 3226 c.
1505 3154 1844 3251 pastoralium),
1883 3166 1919 3228 et
1949 3156 2029 3228 talis
2057 3183 2143 3255 pro·

424 3261 565 3335 testatio
593 3257 663 3330 sibi
687 3282 760 3330 non
783 3253 931 3327 multum
960 3253 1187 3346 suffragatur.
2129 3253 2134 3272 ¹

525 3363 591 3432 llis
619 3383 705 3452 ergo
737 3356 851 3432 modis
883 3357 1042 3448 omissis,
1085 3355 1135 3426 sic
1169 3365 1289 3428 teneas
1324 3356 1469 3432 modum
1496 3370 1533 3432 et
1566 3358 1853 3432 consuetudinem
1887 3370 2001 3434 terrae
2032 3386 2144 3456 mese,

424 3489 516 3565 quae
542 3461 638 3532 bona
664 3469 737 3552 est,
771 3484 860 3557 quae
885 3457 968 3530 mibi
993 3455 1139 3529 multum
1166 3457 1303 3554 placet,
1340 3485 1399 3542 eo,
1442 3462 1542 3558 quod
1569 3461 1658 3536 bene
1682 3473 1857 3535 consonat
1882 3463 1961 3533 iuri.
2013 3463 2145 3536 Videas

332 3550 341 3659 )
422 3569 547 3662 igitur,
575 3561 673 3660 quod
699 3586 718 3630 a
746 3561 936 3657 principio,
976 3560 1008 3630 si
1034 3569 1154 3656 potest
1179 3559 1340 3634 iudicium
1367 3562 1512 3657 iudicis,
1541 3566 1601 3662 qui
1627 3577 1661 3635 te
1687 3565 1826 3655 citavit,
1868 3574 2046 3663 tamquam
2072 3592 2145 3638 non

375 3680 409 3736 to
426 3671 479 3743 tni
503 3666 628 3742 iudicis
657 3663 843 3755 declinari,
883 3674 920 3734 et
954 3662 990 3732 in
1022 3662 1195 3759 principio
1224 3665 1466 3760 exceptionem
1497 3664 1593 3736 illam
1628 3663 1783 3737 obiicias.
1809 3676 1849 3736 ut
1874 3664 1964 3738 C.5.
1994 3694 2028 3766 q.
2043 3665 2081 3745 6.
2106 3668 2145 3767 §-

424 3770 596 3867 exceptio.
619 3764 678 3856 (ad
703 3791 733 3837 c.
748 3761 802 3862 3.)
854 3761 923 3834 Sed
950 3764 981 3834 si
1008 3761 1094 3835 baec
1120 3789 1192 3834 non
1221 3778 1419 3863 competat,
1450 3767 1652 3858 considera,
1680 3780 1799 3838 utrum
1827 3791 1871 3840 ex
1898 3767 2014 3866 aliqua
2040 3795 2145 3842 causa

425 3868 625 3946 rationabili
652 3868 766 3965 possit
790 3865 963 3937 recusari:
990 3906 1042 3920 -
1066 3877 1171 3962 puta,
1198 3868 1278 3964 quia
1305 3878 1360 3940 est
1380 3870 1658 3963 consanguineus
1684 3869 1741 3940 vel
1767 3869 1885 3940 affinis
1912 3873 2058 3966 actoris,
2086 3873 2145 3946 vel

311 3968 317 4071 )
424 3975 495 4049 luit
528 3973 721 4045 advocatus
754 3970 792 4042 in
825 3965 945 4040 eadem
980 3990 1107 4060 causa,
1153 3968 1200 4040 Χ.
1227 3969 1269 4040 G.
1304 3968 1349 4041 ds
1378 3967 1633 4068 appellmss.
1661 3996 1691 4043 c.
1718 3969 2069 4070 possusumus,
2093 4017 2145 4030 —

308 4074 313 4143 ‚¹
425 4078 509 4151 item
526 4065 601 4176 44),
646 4073 676 4144 si
706 4083 761 4144 est
793 4068 974 4162 dominus,
1014 4069 1072 4141 rel
1104 4068 1277 4163 vasallos,
1317 4070 1374 4144 rel
1408 4072 1492 4144 alias
1525 4071 1726 4167 subiectus,
1764 4075 1810 4146 Χ.
1843 4075 1899 4146 G)
1920 4073 1964 4145 de
1997 4076 2058 4152 oll'.
2084 4075 2145 4150 de·

306 4166 309 4222 i
377 4184 410 4238 aa
428 4179 495 4276 leg.
513 4174 549 4272 l,
568 4171 629 4245 29.
665 4199 694 4245 c.
732 4197 894 4268 eausam,
941 4196 1032 4271 quae
1081 4173 1182 4244 inter.
1196 4167 1257 4250 17.
1272 4171 1322 4268 47)
1367 4185 1407 4245 ut
1453 4173 1514 4248 lite
1546 4201 1616 4250 non
1654 4186 1749 4252 cont.
1766 4171 1853 4286 2,st
1894 4199 1924 4250 c.
1964 4175 2144 4256 accedens.

470 4430 528 4511 34)
571 4428 681 4492 lnnoc.
697 4429 728 4490 3.
1317 4427 1323 4443 ’
1364 4427 1424 4507 43)
1465 4425 1505 4492 Β.
1521 4427 1597 4493 add.
1613 4429 1732 4493 „autb”

470 4531 532 4612 35)
574 4529 699 4594 Houor.
714 4531 746 4592 3.
1363 4527 1422 4611 43)
1465 4535 1560 4613 iufra.
1575 4529 1614 4600 B.
1631 4551 1697 4596 orn.

470 4633 529 4716 36)
573 4629 714 4714 Gregor.
728 4625 760 4692 9.
1362 4629 1421 4713 44)
1464 4629 1573 4696 lunoc.
1587 4628 1620 4695 3.

469 4734 529 4817 37)
572 4737 670 4815 pusi.
687 4726 782 4794 -B.
798 4730 890 4814 „qr”
907 4727 1021 4813 (quia.)
1362 4729 1422 4812 43)
1464 4731 1558 4798 Luci.
1571 4730 1605 4799 3.

395 4861 411 4912 5
470 4834 533 4917 38)
575 4831 669 4898 Luci.
684 4835 714 4898 3.
1361 4831 1420 4914 46)
1464 4839 1545 4901 itera.
1563 4833 1616 4898 ab.
1632 4832 1704 4900 aB.

469 4937 528 5021 39)
572 4953 617 4999 ex
631 4953 727 4998 conc.
741 4928 844 4998 Afric.
1238 4983 1240 4985 -
1362 4931 1422 5028 47)
1464 4936 1506 4998 Χ.
1521 4939 1559 5000 ds
1573 4944 1621 5020 off.
1638 4941 1696 5000 det.
1713 4957 1739 5002 c.
1754 4957 1839 5004 caue.
1855 4959 1884 5022 q.
1898 4945 1987 5004 ater.
2004 4937 2142 5020 (ciunt.

470 5039 530 5121 40)
573 5034 735 5102 Alexand.
751 5033 782 5100 3.
798 5031 850 5099 ct.
869 5031 974 5097 ouer.
989 5033 1023 5096 in
1037 5049 1069 5095 v.
1085 5040 1118 5096 et
1131 5051 1252 5118 perpe·
1320 5031 1373 5097 30.
1394 5033 1438 5098 ad
1461 5038 1571 5102 Taua.
1594 5037 1732 5120 parti.
1754 5039 1799 5106 tit.
1821 5039 1855 5108 6.
1876 5049 1910 5106 et
1926 5041 2028 5106 Gloss.
2050 5043 2094 5108 od
2114 5065 2145 5108 e.

428 5151 496 5207 tuo.
510 5159 599 5204 vers.
616 5147 649 5201 et
664 5137 775 5200 dicunt
790 5135 931 5220 quidam.
1322 5136 1500 5206 accadens.
1509 5139 1540 5203 3.
1554 5139 1598 5204 X.
1614 5138 1654 5203 G.
1668 5149 1705 5203 ut
1717 5137 1774 5206 lite
1785 5161 1852 5206 nou
1867 5153 1954 5212 cont.
1967 5143 2000 5224 2,
2015 5143 2047 5210 6.
2062 5145 2098 5210 in
2111 5165 2144 5211 v.

471 5239 533 5322 41)
575 5238 686 5303 innoc.
700 5233 733 5303 3.
749 5233 922 5302 GiGtora.
934 5236 968 5302 in
983 5257 1014 5302 v.
1028 5236 1072 5302 od
1086 5238 1206 5304 omnia.
1322 5237 1488 5320 subesse.)
1501 5274 1543 5288 -
1554 5239 1594 5309 B.
1610 5247 1682 5307 sei.
1699 5243 1730 5308 d’
1745 5241 1797 5310 oli.
1813 5240 1900 5310 del.”
