4782 5960
384 561 450 632 308
988 560 1155 628 Taucredi
1168 561 1242 630 ord.
1256 561 1415 629 iudiciarii
1428 561 1466 627 P.
1480 559 1513 628 4.

387 751 497 828 semel
537 753 712 849 denegata
742 763 800 826 est
828 753 1027 849 restitutio,
1067 765 1194 852 postea
1234 779 1309 830 nou
1341 752 1467 848 datur,
1518 753 1550 823 si
1574 773 1648 825 non
1674 750 1877 852 appellarit.
1905 764 1946 825 ut
1971 750 2060 825 Cod.
2086 775 2117 824 e.

385 868 412 930 t.
438 856 462 928 l.
477 854 511 929 l.
527 857 575 946 ³⁴)
1903 873 1906 884 ·

487 961 621 1031 Verum
647 983 724 1029 eum
746 957 892 1031 eeclesia
921 958 999 1030 iure
1024 952 1341 1054 minoris'scmper
1375 954 1505 1030 debeat
1531 956 1655 1030 illaesa
1680 958 1833 1050 servari,
1877 967 1918 1029 nt
1943 952 2042 1029 X.l.
2068 953 2115 1028 de

385 1071 469 1133 rest.
496 1062 532 1130 in
558 1061 620 1132 int.
635 1056 672 1152 l,
684 1057 748 1131 51.
774 1085 804 1133 e.
833 1062 1030 1160 requisivit.
1059 1057 1170 1161 (un.)
1189 1049 1265 1164 ³5),
1312 1085 1454 1159 semper
1479 1057 1587 1134 debet
1613 1061 1690 1132 inre
1723 1061 1870 1132 minoris
1904 1059 2045 1132 restitui
2077 1059 2114 1130 in

354 1161 556 1236 somnitus
590 1159 831 1234 contractibus
866 1175 903 1236 et
933 1163 1081 1257 negotiis
1111 1165 1205 1256 suis,
1247 1161 1380 1234 iudiciis
1414 1163 1489 1234 sive
1523 1163 1725 1258 sententiis,
1769 1162 1805 1234 in
1846 1161 1976 1260 quibus
2011 1183 2116 1234 enor-

386 1266 492 1338 miter
522 1264 684 1337 laeditur.
718 1275 758 1337 ut
784 1263 883 1338 tte.
915 1262 960 1337 de
994 1275 1079 1338 rest.
1112 1267 1148 1337 in
1175 1267 1238 1338 int.
1258 1259 1371 1358 istd.
1400 1291 1430 1337 e.
1446 1262 1480 1337 l.
1508 1276 1545 1337 et
1569 1289 1599 1337 c.
1626 1261 1817 1336 auditisi.
1845 1275 1882 1337 et
1907 1289 1939 1337 o.
1964 1273 2043 1336 tum
2066 1287 2114 1336 ex

386 1366 511 1440 literis.
523 1365 561 1440 4.
575 1365 637 1454 ³⁶).

487 1470 575 1543 ltem
604 1467 804 1568 respublica
837 1470 954 1541 utitur
986 1469 1064 1542 iure
1093 1469 1239 1541 minoris
1266 1467 1324 1540 vel
1351 1468 1498 1568 pupilli,
1541 1467 1637 1542 ande
1661 1469 1721 1541 vel
1745 1469 1926 1567 ipso'iure
1949 1479 2115 1542 servatur

386 1571 509 1645 illaesa
538 1571 593 1644 vel
629 1572 674 1643 acl
706 1573 816 1644 instar
841 1595 964 1644 corum
992 1572 1130 1643 restitui
1163 1569 1281 1644 debet.
1299 1570 1348 1669 ³⁷)
1381 1583 1421 1644 ut
1448 1572 1536 1646 Cod.
1569 1571 1614 1645 de
1647 1573 1725 1645 iure
1752 1571 1840 1669 reip.
1868 1569 1893 1644 l.
1918 1571 2114 1670 rempubli-

337 1693 371 1746 to
388 1695 473 1748 eum.
486 1671 523 1744 5.
551 1673 645 1745 libro
674 1673 800 1746 undee.
830 1670 899 1772 (tit.
914 1669 992 1771 29.)
1008 1673 1059 1772 38)
1557 1687 1560 1702 ’

488 1775 658 1848 Similiter
683 1777 715 1848 si
740 1777 852 1849 maior
878 1775 1000 1869 viginti
1032 1777 1192 1874 quinquo
1223 1777 1324 1847 annis
1355 1776 1472 1848 laesus
1505 1787 1560 1850 est
1595 1777 1631 1847 iu
1655 1775 1785 1848 iudicio
1813 1774 1871 1847 rel
1896 1787 1998 1849 extra
2022 1776 2113 1848 iudi·

387 1877 499 1972 eium,
537 1878 623 1950 dolo
649 1878 709 1950 rel
732 1890 830 1950 metu
856 1878 1048 1949 adversarii
1074 1881 1151 1973 sui,
1196 1879 1399 1950 restituitur
1430 1903 1495 1975 per
1528 1882 1702 1951 actionem
1731 1877 1888 1952 dedolo
1915 1879 1973 1951 vel
1999 1888 2114 1950 metus

388 2006 516 2074 eausa,
555 1980 677 2053 iudicis
699 1967 829 2053 officio.
846 1971 900 2084 ³⁹)
936 1992 977 2053 ut
1002 1981 1091 2052 cot.
1127 1981 1172 2057 de
1205 1981 1290 2054 dolo
1315 1979 1421 2052 malo.
1436 1978 1473 2073 2,
1488 1977 1550 2052 21.
1583 1991 1619 2054 et
1644 1979 1734 2053 eod.
1760 1979 1858 2079 quod
1891 1992 1972 2055 met.
1998 2003 2114 2054 causa.

387 2079 504 2176 2⁶20.
539 2083 703 2182 fereper
733 2094 861 2155 totum.
887 2119 938 2138 -
988 2083 1077 2156 ltem
1113 2085 1142 2154 si
1175 2083 1351 2177 laeditur,
1392 2084 1476 2155 dum
1509 2093 1565 2156 est
1596 2080 1727 2155 absens
1759 2085 1957 2156 neccssaria
1989 2081 2113 2180 vel⁴⁰)

339 2183 570 2282 reprobabili
597 2211 724 2281 eausa,
749 2196 838 2284 puta
865 2209 971 2257 causa
995 2182 1230 2283 reipublicae,
1259 2186 1316 2257 vel
1346 2209 1451 2258 eausa
1479 2185 1608 2279 studii,
1635 2185 1691 2259 rel
1715 2185 2032 2283 peregrinationis,
2058 2185 2115 2258 rel

387 2289 424 2358 iu
449 2284 626 2384 legatione
650 2313 733 2360 suae
759 2288 922 2378 civitatis,
950 2286 1008 2359 vel
1033 2290 1069 2357 in
1095 2290 1347 2385 prosecutione
1371 2311 1458 2361 suae
1483 2285 1743 2386 appellationis,
1772 2289 1829 2360 uel
1851 2313 1955 2361 eausa
1977 2287 2115 2361 serendi

386 2390 598 2484 testimonii,
640 2389 699 2462 vel
726 2391 809 2490 quia
842 2391 878 2462 in
911 2389 1060 2462 vinculis
1087 2391 1145 2463 vel
1178 2390 1339 2464 custodia
1371 2387 1517 2487 publicu
1539 2390 1596 2462 vel
1622 2391 1759 2490 priuata
1785 2389 1964 2464 detinetur
1993 2401 2030 2463 et
2055 2415 2115 2462 re·

387 2492 465 2565 nire
492 2517 566 2565 non
597 2502 738 2589 potest,
775 2493 979 2565 restituitur
1009 2492 1045 2562 iu
1073 2518 1136 2585 eo,
1185 2519 1258 2592 quo
1291 2493 1328 2563 in
1358 2491 1519 2564 absentia
1550 2515 1615 2563 sua
1649 2491 1766 2564 laesus
1799 2505 1865 2566 est.
1894 2506 1936 2567 ut
1961 2493 2043 2588 lug.
2070 2517 2115 2565 ex

337 2706 372 2760 ω
387 2593 490 2769 ‘el
510 2605 1028 2770 ttiutttittt'idti
1042 2591 1604 2770 i.?.i.⁶t⁰“i.t¹¹'.i.i.¹·
1618 2593 1955 2792 dilituit?
1970 2591 2115 2770 ἶῗέιιῖ..

387 2808 508 2871 uuum
536 2802 583 2871 sit
608 2797 736 2871 absens
762 2797 942 2897 probabili
975 2823 1080 2872 causa
1115 2811 1151 2870 et
1176 2800 1391 2891 necessaria,
1427 2798 1485 2871 uel
1510 2795 1690 2896 probabili
1717 2809 1873 2892 tantum,
1910 2797 1968 2872 vet
1993 2823 2115 2872 neces·

389 2903 481 2973 saria
507 2913 663 2995 tautum,
705 2901 762 2974 vel
789 2901 989 2974 voluntaria
1017 2911 1161 2973 tantum.
1189 2940 1241 2958 ·-
1289 2902 1331 2976 lu
1357 2901 1473 2998 primo
1501 2925 1602 2995 casu,
1646 2899 1781 2974 scilicet
1809 2902 1951 3000 quando
1981 2899 2114 2999 proba·

388 2998 454 3076 bili
478 3016 514 3076 et
538 3005 737 3076 necessaria
764 3029 869 3076 causa
898 3002 967 3074 snit
993 3002 1123 3074 absens
1145 3005 1277 3096 maior,
1312 3015 1435 3076 contra
1459 3029 1562 3102 quem
1588 3004 1762 3077 sententia
1788 3001 1859 3076 lata
1886 3015 1958 3097 est,
1987 3005 2017 3076 si
2046 3004 2117 3078 tuit

388 3101 544 3201 legitime
563 3105 744 3199 defensus,
773 3107 973 3179 restituitur
999 3104 1043 3176 ad
1070 3105 1319 3203 appellandum
1346 3105 1609 3198 tantumnod03
1642 3105 1673 3177 si
1700 3116 1815 3178 autem
1840 3132 1913 3178 non
1938 3105 2004 3179 luit
2030 3105 2117 3199 legi·

340 3214 374 3268 ²5
391 3210 475 3282 time
492 3208 672 3301 defensus,
698 3208 755 3280 vel
783 3206 882 3280 nullo
910 3208 1037 3302 modo,
1065 3209 1262 3282 restituitur
1287 3208 1332 3280 ad
1357 3233 1498 3280 causam
1524 3234 1570 3280 ex
1595 3208 1734 3302 integro
1759 3208 1941 3301 agendam.
1968 3218 2010 3279 ut
2034 3208 2116 3301 ltig.

389 3311 434 3384 de
461 3312 498 3381 in
523 3313 588 3383 int.
609 3322 694 3382 rest.
710 3308 750 3403 4,
770 3307 803 3381 l.
830 3309 855 3382 l.
882 3309 946 3382 ult.
961 3309 1012 3401 tt)
1040 3311 1121 3404 big.
1154 3309 1200 3384 de
1233 3307 1361 3404 iude,
1379 3307 1412 3383 1.
1439 3309 1464 3382 l
1492 3311 1522 3380 si
1547 3321 1671 3384 emtor.
1691 3301 1746 3414 42)
1774 3323 1810 3382 et
1835 3311 1917 3405 big.
1942 3334 1988 3384 ex
2014 3307 2113 3411 quib.

431 3561 494 3640 34)
538 3562 591 3630 Gi.
609 3561 710 3626 utare.
729 3562 763 3627 in
777 3582 807 3627 v.
822 3565 852 3628 si
867 3572 953 3649 post.
1288 3563 1427 3630 aibaesa
1446 3565 1576 3630 servari
1598 3572 1630 3630 et
1651 3562 1817 3631 aduersus
1835 3583 1954 3630 omues
1975 3565 2114 3631 restitui.

475 3663 529 3729 De
550 3663 602 3730 his
622 3663 793 3744 omnibus,
823 3684 910 3751 quae
939 3665 982 3732 de
1002 3667 1221 3734 concedenda
1288 3674 1344 3731 nat
1365 3665 1407 3731 X.
1431 3667 1472 3733 de
1493 3667 1527 3732 in
1547 3666 1604 3732 iut.
1630 3675 1710 3732 rest.
1732 3685 1762 3730 e.
1778 3663 1807 3730 1.
1826 3665 2009 3752 requisivit.
2032 3675 2065 3731 et
2083 3685 2114 3730 e.

392 3775 426 3833 et
440 3765 638 3852 deneganda
652 3766 717 3831 ista
731 3766 764 3831 in
779 3766 835 3831 int.
850 3777 930 3832 rest.
944 3772 1117 3853 proposita
1132 3778 1220 3852 sunt,
1288 3787 1387 3834 scum
1399 3767 1582 3835 venissent.
1597 3775 1630 3834 et
1644 3788 1674 3834 e.
1690 3761 1841 3833 auditis.”

394 3871 581 3935 summatim
604 3869 682 3934 dixit
697 3871 741 3932 10.
758 3868 860 3931 Andr.
882 3863 927 3932 ad
937 3872 979 3933 D.
998 3893 1046 3953 ap.
1068 3869 1124 3937 lib.
1138 3871 1169 3937 2.
1185 3891 1220 3956 p.
1331 3868 1391 3951 37)
1433 3875 1517 3934 aa&
1530 3873 1581 3933 uel
1592 3875 1661 3951 ipso
1675 3876 1764 3934 aare.
1782 3912 1791 3930 .
1807 3919 1814 3934 .
1832 3873 1929 3934 delet.
1949 3905 1994 3920 -
2014 3865 2069 3934 Rs.
2087 3866 2114 3932 l.

362 3981 379 4032 a
394 3970 426 4038 3.
441 3971 474 4036 h.
489 3983 511 4037 t
527 3970 558 4059 §.
572 3971 604 4036 2.
618 3990 670 4055 pr.
685 3972 718 4036 iu
733 3990 765 4037 r.
782 3969 889 4036 aunis.
1289 3969 1321 4036 2.
1340 3967 1431 4056 vulg.
1455 3979 1509 4037 „et
1528 3970 1603 4056 ipso
1625 3971 1697 4036 iare
1717 3981 1871 4038 servatur
1891 3969 2058 4048 illaesu.'';
2076 4005 2115 4018 -

434 4071 494 4158 35)
537 4095 568 4140 e.
585 4076 613 4138 t.
628 4073 672 4139 X.
689 4071 728 4138 G.
744 4083 809 4152 et.
827 4072 857 4152 l,
871 4072 925 4140 41.
939 4071 1102 4144 Alexand.
1116 4074 1150 4144 3.
1290 4073 1352 4138 sed
1373 4069 1420 4137 ll.
1434 4072 1463 4137 2.
1487 4073 1563 4138 add.
1588 4083 1644 4140 net
1663 4073 1707 4139 ad
1727 4073 1833 4140 instar
1852 4093 1968 4138 eoram
1987 4071 2116 4138 restitui

435 4175 495 4261 36)
538 4193 656 4241 ocum
672 4175 854 4244 venissent.
869 4177 919 4257 (in
933 4176 1219 4243 codd.B.B.male
1290 4174 1458 4252 „debere
1473 4173 1594 4242 similit.
1609 4174 1672 4241 Ed.
1689 4175 1718 4240 l.
1733 4173 1806 4240 avet
1820 4176 1864 4240 ad
1878 4174 1983 4240 instar
1999 4225 2005 4238 .
2020 4219 2029 4238 .
2045 4173 2072 4237 .”

395 4287 518 4344 servat.
533 4296 589 4360 ‚,e.
607 4278 674 4360 l.”)
688 4281 721 4342 2.
735 4277 768 4342 in
783 4274 819 4358 f,
837 4275 912 4342 md.
936 4275 996 4357 (cf.
1016 4279 1122 4344 Gloss.
1139 4279 1172 4344 in
1188 4301 1220 4344 v.
1333 4275 1392 4360 38)
1437 4277 1510 4341 Cad
1534 4283 1572 4341 de
1593 4283 1661 4341 iure
1674 4283 1751 4358 reip.
1771 4280 1792 4340 t.
1813 4297 1908 4360 remp.
1931 4273 1990 4358 (ti.
2007 4277 2114 4340 Glors.

395 4379 645 4458 restituimus),
662 4399 691 4444 e.
708 4379 740 4444 ὅ.
757 4376 811 4454 (ci.
833 4379 940 4444 urnas.
960 4380 995 4444 in
1016 4397 1048 4448 v.
1075 4381 1222 4446 commit·
1290 4378 1325 4444 in
1338 4399 1370 4445 v.
1387 4385 1505 4462 remp.)
1521 4379 1583 4446 Ed.
1597 4378 1629 4444 2.
1644 4377 1674 4443 4.
1689 4397 1752 4442 om.

343 4490 377 4544 to
393 4486 535 4550 tendum.
553 4493 587 4549 et
600 4481 635 4548 in
648 4500 680 4546 v.
696 4501 740 4546 an
754 4479 893 4566 danda.)
919 4481 961 4548 X.
980 4479 1021 4549 G.
1037 4501 1068 4550 e.
1084 4492 1104 4547 t.
1123 4481 1152 4564 l,
1168 4483 1221 4547 tt.
1375 4477 1438 4572 Ed.
1453 4481 1484 4544 2.
1503 4479 1535 4546 3.
1556 4481 1588 4547 4.
1615 4479 1692 4544 add.
1716 4477 1820 4544 nond.
1847 4479 1936 4566 quib.
1956 4499 2000 4546 ex
2019 4499 2115 4546 enus.

392 4587 505 4654 luuoo
516 4585 549 4652 3.
1291 4583 1426 4648 „maior
1445 4583 1467 4648 i.
1488 4584 1509 4648 i.
1529 4604 1556 4649 r.
1572 4586 1605 4664 2,
1625 4581 1678 4646 54.
1701 4579 1723 4646 l.
1745 4582 1949 4668 respublica.
1969 4581 2020 4648 4.”
2062 4577 2115 4648 Cf.

485 4691 599 4752 Veram
621 4686 675 4768 (h.
696 4707 775 4773 pag.
797 4705 889 4754 vers.
902 4685 949 4768 3.)
975 4729 1029 4748 ...
1054 4687 1161 4748 literis.
1178 4721 1220 4735 -
1293 4686 1400 4751 Gtoae.
1414 4685 1449 4752 iu
1463 4707 1495 4752 r.
1509 4704 1601 4768 resp.
1792 4679 1794 4682 ’

393 4791 521 4859 Eadem
535 4789 607 4856 iere
622 4788 776 4875 leguntur
789 4790 822 4854 in
838 4784 893 4852 Rs.
910 4787 940 4852 l.
953 4786 997 4867 2.,
1016 4804 1081 4849 om.
1095 4793 1222 4853 tautum
1331 4785 1390 4869 33)
1433 4790 1498 4852 iud.
1514 4793 1563 4870 off.
1581 4823 1622 4835 -
1639 4785 1692 4852 ut.
1707 4793 1739 4856 2.
1754 4783 1827 4851 arel
1841 4785 1908 4852 iud.
1920 4785 1994 4853 off.”

395 4915 426 4960 c.
440 4904 508 4960 tum
524 4913 566 4958 ex
580 4891 696 4958 literis.
718 4927 761 4938 -
789 4889 843 4954 Al.
858 4889 919 4953 Ed.
934 4888 966 4951 2.
980 4887 1011 4952 4.
1028 4885 1220 4957 »Verumtae
1333 4887 1391 4974 tu)
1434 4891 1490 4952 ael.
1506 4929 1548 4942 --
1564 4887 1655 4954 Libri
1671 4889 1724 4955 ed.
1741 4888 1824 4954 „et”

347 5007 380 5059 tt
397 5015 494 5062 amen
509 4992 656 5060 ecelesia
678 5009 814 5074 semper
834 4989 934 5054 debet
946 4989 1020 5054 iure
1033 4987 1170 5056 minoris
1184 4990 1222 5055 il·
1333 4989 1392 5074 41)
1437 4987 1487 5056 cf.
1506 4990 1611 5056 Gtoar.
1628 4991 1661 5057 in
1676 5011 1708 5056 v.
1723 4987 1865 5056 defensi.

396 5097 510 5164 „laesa
531 5091 671 5162 servari.
696 5101 733 5156 ut
745 5091 787 5156 X.
808 5091 851 5154 de
873 5091 908 5156 in
930 5093 988 5156 int.
1003 5100 1084 5155 rest.
1099 5112 1127 5156 c.
1144 5092 1173 5157 1.
1190 5103 1223 5158 et
1334 5091 1392 5175 42)
1435 5095 1456 5156 i.
1485 5100 1517 5156 aa·
1543 5103 1646 5156 emtor.
1668 5097 1798 5178 (eptor.)
1819 5093 1868 5160 lta
1906 5095 2003 5160 codd.
2032 5093 2071 5159 Τ.
2087 5104 2120 5156 et

396 5221 446 5268 se.
463 5219 538 5265 cum
552 5196 735 5264 venisseut.
762 5201 795 5256 et
815 5177 845 5258 e.
862 5193 1015 5258 auditis.”
1044 5227 1087 5242 -
1114 5191 1220 5260 aaa
1291 5190 1388 5271 B.B.;
1411 5193 1473 5260 sed
1488 5193 1621 5280 legend.
1637 5192 1682 5262 »1.
1696 5194 1725 5260 si
1739 5195 1907 5282 praetor.”
1921 5201 2031 5282 (pter.)
2049 5195 2118 5272 75.;
2159 5206 2163 5214 “

396 5301 600 5368 „Praeterea
621 5295 705 5365 eccl.
725 5312 861 5380 semper
880 5295 978 5362 debet
999 5295 1071 5364 iure
1086 5296 1222 5363 minoris
1292 5301 1325 5363 et
1348 5293 1578 5378 sicutte,
1607 5313 1671 5363 uec
1693 5317 1760 5365 non
1781 5301 1917 5362 iterant.
1950 5297 2032 5380 (uid.
2053 5307 2118 5364 not.
