4788 5956
959 811 1011 878 De
1027 811 1314 898 appellationibus.
1334 812 1366 897 ¹)

399 935 564 1008 Diximus
590 960 699 1034 snpra
733 937 769 1007 ln
802 931 908 1008 titulo
946 934 1121 1026 secundo,
1159 961 1208 1033 qn

1959 545 2021 612 291

2023 804 2104 879 ns.

1211 932 1257 1006 od
1285 933 1400 1006 valida
1432 936 1605 1008 sententia
1634 933 1842 1010 sublev'etnr
1866 962 1933 1034 per
1958 962 2020 1034 ap·

299 1037 524 1136 pollutionem
546 1032 594 1140 ²).
647 1038 782 1114 Idcirco
815 1037 860 1109 dc
885 1037 1132 1133 *appellatione
1163 1049 1350 1110 tractatum
1386 1035 1624 1110 subiiciamns.
1676 1038 1867 1113 Videamus
1899 1041 2020 1134 igitur,

300 1139 386 1238 quid
411 1141 457 1210 sit
484 1141 699 1237 appellatio,
726 1141 806 1239 quis
834 1141 948 1237 possit
978 1139 1175 1236 appellare,

1211 1164 1232 1210 a
1258 1139 1388 1238 quibus
1413 1138 1586 1214 iudicibus
1613 1143 1728 1238 possit
1754 1142 1947 1240 appellari,
1976 1143 2020 1214 ud

301 1267 410 1341 quos,
443 1243 585 1340 qnando
613 1254 649 1315 et
674 1243 844 1340 qualiter,
886 1241 978 1312 intra
1004 1240 1098 1339 qnod
1128 1252 1269 1339 tempus
1302 1239 1430 1314 debeat
1453 1241 1530 1312 fieri
1555 1241 1767 1341 appellatio,
1806 1245 1898 1317 intra
1925 1243 2053 1342 quoda

300 1343 549 1440 appellationis
578 1347 803 1444 prosecutio,
848 1344 1012 1442 quotiens
1039 1345 1085 1414 sit
1116 1341 1388 1442 appellandum,
1434 1341 1533 1442 quod
1559 1345 1607 1416 sit
1637 1345 1794 1418 cilicium
1826 1349 1920 1438 eius,
1960 1349 2020 1446 qui
2155 1387 2159 1399 ι

300 1445 478 1544 appellat,
520 1446 617 1547 quud
643 1447 801 1518 cilicium
825 1444 970 1536 indicis,
1004 1469 1123 1544 aquo
1150 1446 1368 1544 appellatur,
1404 1445 1500 1544 qnod
1527 1445 1685 1518 officinm
1710 1450 1806 1539 eins,
1847 1446 1892 1519 ud
1917 1455 2020 1546 quem

1247 1573 1339 1647 quae
1384 1547 1641 1648 appellationes
1683 1549 1823 1624 valeant
1861 1559 1898 1622 et
1930 1574 2021 1649 quae

228 1639 232 1651 Ι
300 1546 528 1703 appeglatur,
564 1551 641 1650 quis
676 1549 823 1622 effectus
857 1545 1124 1646 appellationis,
1175 1558 1210 1620 ct

299 1675 370 1722 non
430 1703 439 1724 .

428 1805 436 1822 .
486 1751 692 1852 Appellatio
722 1763 777 1824 est
805 1751 997 1824 sentcntiae
1029 1748 1087 1822 vel
1122 1749 1333 1844 gravaminis
1357 1751 1525 1824 relevatio
1554 1777 1620 1850 per
1645 1752 1972 1850 proclamationem,
2001 1756 2101 1860 8§.l.

301 1854 428 1950 minori
453 1855 567 1926 indice
593 1855 636 1926 ad
663 1855 828 1927 maiorem
856 1853 1005 1944 iactam,
1038 1863 1226 1951 praetextu
1250 1853 1359 1952 iniqui
1385 1853 1594 1948 gravaminis
1619 1855 1678 1927 vel
1704 1855 1855 1928 iniustae
1879 1866 2020 1927 senien-

300 1953 379 2027 tiae.
399 1957 430 2046 ⁴)
460 1969 501 2028 nt
528 1957 606 2050 [lig.
633 1955 678 2028 de
705 1955 868 2028 minor-ib.
884 1952 923 2047 1,
939 1951 977 2026 l.
1004 1954 1028 2025 1.
1053 1955 1226 2050 praefecti
1252 1957 1354 2028 etiam
1380 1957 1572 2051 praetorio.
1591 1953 1650 2029 17.
1677 1969 1713 2030 et
1738 1957 1785 2030 Χ.
1814 1959 1850 2028 in
1871 1958 2020 2031 concilio

301 2057 529 2131 Lateranensi
557 2058 753 2130 Innocentii
779 2058 885 2129 tertii.
912 2081 941 2128 c.
971 2066 1011 2127 nt
1036 2054 1178 2127 debitus
1208 2054 1409 2130 15555555.
1430 2056 1462 2156 5)
2194 2135 2206 2152 ,Ι

399 2157 436 2259 3.
488 2162 574 2250 Quis
598 2170 718 2257 potest
745 2157 945 2258 appellare?
997 2158 1223 2256 Respondes,
1250 2162 1295 2252 is,
1323 2159 1424 2232 cuins
1451 2161 1618 2251 interest,
1644 2157 1702 2230 vel
1729 2160 1786 2231 cni
1813 2160 2102 2264 5565155552.

301 2275 377 2354 est,
418 2262 474 2334 vel
507 2263 566 2362 qni
597 2263 779 2356 negotium
813 2263 904 2355 gerit
933 2260 1096 2332 alienum.
1126 2273 1167 2332 nt
1191 2262 1231 2334 C.
1248 2260 1286 2334 2.
1311 2287 1346 2360 q.
1357 2258 1394 2334 6.
1420 2287 1449 2334 c.
1476 2286 1549 2332 non
1576 2260 1703 2333 solent.
1719 2257 1785 2332 50.
1816 2261 1904 2362 (pr.)
1923 2264 1953 2354 6)
1985 2279 2020 2338 et
2039 2292 2070 2343 rs

301 2363 348 2438 X.
359 2363 399 2438 5.
425 2363 469 2438 de
495 2365 596 2438 elect.
611 2362 647 2456 1,
668 2365 701 2438 (i.
730 2390 761 2436 c.
779 2359 812 2435 1.
834 2353 870 2464 ⁷)
923 2364 970 2436 Et
993 2360 1079 2434 licet
1103 2388 1228 2460 parum
1255 2365 1392 2434 intersit
1414 2362 1665 2461 appellatoris,
1695 2361 1788 2436 valet
1815 2376 1932 2438 tamen
1958 2392 2020 2465 ap·

302 2468 461 2566 pellatia.
490 2480 530 2540 nt
556 2467 603 2540 Χ.
621 2463 655 2538 1.
681 2465 727 2539 65
753 2466 815 2537 511.
840 2463 911 2536 iud.
936 2462 1049 2558 deleg.
1067 2460 1102 2555 1,
1114 2460 1175 2536 21.
1204 2491 1369 2562 c..snpcr
1396 2488 1451 2538 eo.
1467 2463 1531 2537 20.
1549 2467 1581 2556 8)
1612 2465 1659 2536 Χ.
1673 2461 1709 2535 2.
1732 2464 1777 2537 de
1803 2479 1893 2542 sent.
1921 2480 1957 2540 ct
1982 2497 2021 2542 rc

300 2566 425 2664 1561,
443 2566 502 2641 18.
528 2595 559 2642 5.
576 2566 610 2641 1.
632 2567 663 2667 9)
698 2579 734 2642 51
762 2568 809 2641 Χ.
824 2564 860 2640 il.
893 2565 937 2639 65
965 2562 1144 2664 appelli,
1162 2563 1221 2640 19.
1247 2591 1278 2642 5.
1301 2569 1383 2666 qnia
1409 2568 1601 2668 requisisti.
1619 2563 1677 2640 15.
1696 2565 1743 2666 ¹⁰)
1780 2569 1860 2664 [lig.
1887 2569 1931 2644 dc
1958 2596 2019 2672 np-

299 2737 756 2760 W

343 2823 380 2907 l)
424 2823 471 2887 lta
485 2821 573 2905 vulg.
590 2818 649 2894 (c'f.
664 2839 742 2906 pag.
757 2817 830 2889 281.
844 2836 935 2885 vers.
949 2817 993 2892 5.)
1010 2853 1052 2866 -
1073 2815 1127 2886 Al.

1237 2817 1275 2902 9)
1317 2821 1358 2884 Χ.
1372 2822 1411 2884 de
1423 2825 1500 2883 sent.
1514 2825 1548 2883 at
1563 2840 1599 2883 ra
1618 2823 1682 2883 aad.
1698 2841 1721 2883 a.
1740 2821 1769 2886 1.
1791 2819 1973 2898 (Alexand.
1988 2821 2020 2890 3.

302 2922 376 2990 „De
391 2920 646 3011 appellatione.”
659 2920 706 2987 lli.
716 2922 958 2990 2.-156565
976 2922 1128 3002 551155.
1196 2919 1295 2986 duob.
1310 2919 1513 2986 Leieesniae
1528 2919 1721 2987 abbatibusa
1738 2919 1877 2988 »Dilecti
1891 2922 1949 2990 filii
1962 2945 2022 2990 no·

301 3025 359 3090 lib.
373 3025 405 3089 2.
419 3044 453 3107 p.
467 3022 496 3088 3.
513 3023 548 3088 iu
562 3022 653 3087 rubr.
671 3022 714 3088 de
729 3021 969 3108 appellatione:
986 3020 1127 3088 »Tenen
1196 3053 1214 3088 a

300 3134 396 3212 apost
412 3124 501 3192 rubr.
524 3124 639 3208 prox!
662 3124 721 3200 (de
743 3143 855 3190 exsec
878 3129 977 3206 sent.)
996 3126 1129 3210 „posuit
1196 3153 1215 3188 s

301 3231 435 3306 sistam,
451 3235 483 3290 et
498 3235 550 3290 ost
563 3224 687 3309 penult.
703 3225 756 3290 sni
769 3225 917 3308 operis.’'
1193 3247 1210 3282 n

341 3330 382 3410 2)
424 3347 502 3413 pag.
515 3326 590 3392 281.
604 3345 694 3392 vers.
710 3327 741 3392 t.
758 3325 790 3391 5.

341 3430 382 3500 31
423 3429 503 3496 lior.
524 3429 662 3494 membr.
677 3437 752 3494 test.
767 3431 812 3491 10.
828 3429 930 3492 Andr.
946 3431 1007 3509 (ad
1019 3431 1061 3492 D.
1077 3451 1125 3510 ap.

299 3535 343 3598 ric
359 3533 402 3598 65
417 3529 536 3616 appell.
551 3550 602 3615 pr.
617 3531 651 3596 in
664 3550 697 3595 v.
711 3529 1002 3617 perstringamus.)
1020 3539 1125 3596 mota·

220 3645 231 3666 ·
299 3637 422 3712 tiones,
438 3651 524 3719 quae
538 3631 583 3697 ibi
597 3635 631 3698 in
646 3651 740 3716 spec.
755 3643 946 3714 occurrunt,
960 3651 1029 3698 non
1043 3631 1125 3698 satis

300 3745 457 3802 accurate
471 3735 650 3800 recensuit.

341 3837 380 3920 4)
422 3835 464 3901 11.
480 3837 511 3900 6.
527 3834 594 3902 etl.
610 3845 683 3901 test.
700 3840 747 3901 lo.
763 3836 865 3899 Andr.
883 3834 905 3901 1.
920 3834 1004 3902 l.--
1025 3833 1080 3901 Rs.
1096 3833 1126 3900 l.
1192 3857 1209 3892 n

300 3940 330 4004 2.
350 3937 456 4022 nApp.
485 3947 537 4001 est
566 3937 749 4002 sententiaa
774 3935 828 4004 vel
850 3937 1053 4022 gravaminis
1073 3953 1126 4000 re·

302 4040 480 4106 „stauratio
493 4058 556 4123 per
570 4037 760 4120 clamorem,
781 4061 801 4105 a
822 4039 939 4107 minori
962 4039 1005 4104 ad
1024 4038 1126 4104 maio·

301 4161 390 4208 arem
405 4141 547 4206 indicem
561 4137 702 4221 suenum,
728 4152 902 4227 praetextu
915 4141 1017 4231 iniqui
1031 4159 1126 4225 grav.

301 4243 376 4310 „vel
391 4243 523 4328 iniquae
539 4243 644 4308 sent.”

342 4345 380 4428 5)
423 4341 499 4409 c.3.
521 4343 608 4410 X.d.
629 4344 672 4410 65
695 4344 932 4431 5ρρ511.2,12.
954 4341 1138 4411 515559.
1194 4367 1208 4399 π

299 4449 343 4516 X.
359 4447 401 4514 G.
416 4463 447 4512 5.
462 4456 484 4512 t.
499 4445 532 4524 2,
548 4444 599 4510 28.
882 4530 888 4536 ¹

341 4549 381 4627 6)
424 4547 647 4626 Postrema,
678 4567 720 4614 cx
746 4545 810 4614 isto
836 4567 887 4632 pr.
913 4545 1125 4632 transcripta,

299 4649 351 4722 111.
367 4651 397 4717 l.
411 4651 442 4716 2.
458 4648 572 4716 „Hanc
587 4647 653 4734 leg.
669 4648 775 4716 habes
785 4649 862 4736 Dlg.
878 4650 920 4715 de
936 4647 1058 4733 appell.
1072 4667 1125 4715 rc·

299 4755 386 4838 scip.
400 4751 454 4832 49,
468 4750 498 4814 5.
513 4749 536 4816 l.
555 4749 604 4816 1.”

341 4857 381 4936 7)
425 4849 1124 4932 5.16.Χ.6.5.1.1,6.1555515555.

300 4978 399 5025 „cnm
414 4955 478 5020 nisi
505 4971 644 5038 quonum
664 4954 821 5032 interest,
848 4955 955 5020 audiri
980 4971 1049 5020 non
1070 4973 1125 5020 so·
1167 5036 1170 5046 ,

300 5059 411 5126 „leant
425 5053 662 5140 appellantes.”

340 5159 378 5243 8)
421 5181 449 5224 c.
469 5157 518 5222 15.
536 5155 578 5222 X.
595 5155 636 5223 G.
653 5165 718 5221 et
735 5158 765 5238 l,
780 5155 833 5222 29.
849 5153 1011 5222 Alexand.
1027 5155 1057 5222 3.
1073 5153 1125 5223 61.
1149 5239 1153 5256 -.

301 5261 404 5327 noas.
421 5263 499 5326 inv.
515 5259 578 5326 sed
593 5259 754 5350 partibus,
769 5259 854 5326 inter
868 5278 964 5346 quas.

1217 3023 1276 3088 stri
1306 3022 1411 3087 abbas
1440 3030 1474 3084 et
1501 3017 1623 3086 iratres
1645 3021 1836 3090 monosterii
1857 3027 1964 3092 sancti
1982 3025 2021 3093 B.

1217 3124 1414 3189 transmissa
1446 3123 1543 3188 nobis
1572 3123 1792 3190 insinuatione
1817 3137 2021 3194 monstrave-

1211 3237 1306 3305 runt,
1336 3223 1516 3311 quodcum
1529 3224 1572 3291 A.
1586 3225 1730 3292 clericas
1750 3243 1853 3308 super
1873 3225 2021 3294 ecclesia
2037 3251 2053 3303 5

1193 3326 1257 3392 ade
1273 3327 1324 3406 A,
1340 3345 1426 3412 quae
1442 3327 1485 3392 ad
1499 3327 1705 3411 praedictum
1720 3327 1956 3394 monasterinm
1972 3329 2019 3396 di·

1193 3427 1299 3496 scitur
1312 3429 1498 3511 pertinere,
1527 3430 1578 3494 cis
1599 3429 1827 3515 quaestionem
1844 3430 2020 3511 inovisset,

1194 3529 1481 3611 necinventus,
1503 3549 1571 3596 non
1586 3542 1701 3596 canna
1716 3551 1795 3613 eos,
1825 3532 1889 3596 sed
1903 3543 2020 3599 contra

1195 3632 1380 3716 „quendam
1400 3631 1574 3712 vicarium,
1605 3651 1702 3720 quem
1722 3635 1756 3699 in
1779 3633 1897 3699 eadem
1913 3633 2020 3700 eccle-

1194 3734 1267 3798 nsia
1287 3734 1540 3812 constituerunt,
1562 3719 1609 3798 ¹ad
1628 3781 1637 3800 .
1653 3781 1684 3799 ..
1708 3734 1857 3820 episcop.
1878 3735 2016 3822 Vlgom.
2036 3760 2069 3811 10

1211 3834 1325 3900 literas
1339 3835 1535 3918 impetravit.
1557 3833 1641 3900 Cum
1657 3846 1768 3901 antem
1781 3835 1870 3900 idern
1883 3837 2018 3920 episco-

1194 3955 1280 4020 „pns
1291 3937 1494 4020 praedictum
1506 3938 1665 4001 vicarium
1675 3957 1742 4000 una
1756 3955 1831 4002 cum
1847 3939 1965 4005 eodem
1978 3941 2018 4007 A.

1194 4049 1290 4104 „autc
1306 4059 1401 4104 suam
1414 4037 1637 4122 praesentiam
1663 4051 1900 4122 convocasset,
1928 4042 2018 4108 vica·

1194 4141 1284 4206 arius
1293 4135 1373 4223 ipso
1387 4159 1428 4204 oc
1442 4141 1534 4221 prior
1547 4139 1708 4220 praedicti
1724 4145 1935 4224 monasterii,
1962 4146 2017 4230 qui

1194 4261 1298 4308 „casu
1312 4241 1356 4305 ad
1369 4249 1483 4325 partes
1502 4238 1577 4304 illas
1597 4253 1808 4325 accesserat,
1836 4258 2017 4311 memorato
2039 4275 2068 4324 15

1212 4343 1372 4426 episcopo
1387 4341 1556 4419 dixerunt,
1586 4343 1675 4427 qnod
1695 4343 1783 4409 idem
1797 4344 1944 4411 vicarius
1962 4366 2016 4412 sn-

1193 4463 1275 4527 aper
1301 4443 1475 4527 praedicta
1500 4442 1648 4511 ecclesia
1673 4445 1922 4512 conveniendus
1950 4469 2017 4520 non
2145 4528 2155 4540 ,

1194 4554 1305 4626 serat,
1334 4563 1409 4611 cum
1429 4564 1504 4611 cam
1522 4567 1590 4612 non
1612 4567 1693 4629 suo,
1723 4546 1783 4612 sed
1807 4546 1937 4614 abbatis
1959 4569 2017 4616 no·

1194 4648 1302 4714 smine
1316 4649 1523 4734 possideret,
1552 4649 1631 4735 quia
1651 4651 1725 4733 ipse
1744 4649 1864 4714 exinde
1879 4649 2018 4717 absente

1194 4750 1334 4816 „abbate
1358 4759 1390 4814 et
1408 4750 1582 4836 ignorante
1599 4750 1808 4836 respondere
1829 4750 2016 4820 nullatenus
2035 4777 2068 4830 to

1195 4852 1395 4918 sternebatur.
1438 4851 1536 4916 Unde
1575 4853 1618 4917 ad
1654 4863 1804 4917 nostram
1837 4852 2017 4936 appellavit

1194 4959 1446 5039 „praesentiam¹
1492 4952 1563 5020 Sed
1596 4953 1789 5038 praedictus
1821 4955 2017 5040 episcopus,

1194 5057 1304 5141 „quod
1330 5061 1387 5124 vix
1412 5057 1776 5138 crederepossum,
1805 5053 2016 5140 appellationi

1195 5177 1280 5223 „nora
1289 5157 1457 5238 deferens,
1467 5157 1586 5222 abbate
1598 5157 1738 5223 absente
1753 5167 1786 5222 ct
1801 5157 1974 5242 ignorante
1984 5171 2017 5226 et

1194 5259 1256 5326 aad
1285 5257 1555 5344 respondendnm
1587 5279 1655 5326 non
1688 5258 1805 5336 citato,
1837 5261 2014 5333 ecclesiam
2033 5285 2066 5336 aa

1764 5379 1840 5454 57*
