4788 5956
401 575 466 642 346
982 561 1116 630 Gratiae
1132 562 1175 627 de
1187 562 1336 629 iudiciar.
1350 563 1423 628 ord.
1452 560 1490 627 P.
1506 560 1536 626 l.

505 767 622 837 Unum
655 773 771 833 tamen
803 767 909 848 nota,
950 754 1045 852 quod
1079 753 1184 826 iudex
1217 779 1290 826 non
1320 750 1426 824 debet
1459 749 1645 823 absolvere
1677 777 1774 822 reum
1807 749 1954 823 absente
1987 766 2121 846 actore,

404 867 472 939 nisi
496 878 595 938 actor
621 889 684 961 per
711 862 962 934 contumaciam
990 868 1082 928 esset
1108 854 1247 927 absens.
1273 879 1347 947 arg.
1375 854 1417 925 ad
1448 853 1515 925 hoc
1540 856 1588 925 X.
1615 857 1657 927 G.
1683 852 1727 924 de
1753 865 1837 924 rest.
1862 855 1900 924 in
1925 856 1986 927 int.
2008 853 2041 950 l,
2059 856 2120 929 dl.

405 997 437 1044 c.
464 979 539 1038 tum
568 993 612 1039 ex
640 966 761 1036 literis.
777 960 812 1032 5.
832 959 896 1056 ¹05)
925 970 960 1030 et
984 961 1023 1030 C.
1038 955 1075 1028 5.
1095 957 1159 1055 ¹⁰6)
1188 984 1222 1055 q.
1238 955 1273 1028 9.
1300 959 1335 1026 ἰιι
1360 983 1390 1028 e.
1414 954 1564 1028 chartae.
1582 953 1640 1027 19.

508 1073 588 1140 lloe
615 1068 708 1138 lacto
738 1065 854 1136 statim
883 1059 989 1134 debet
1015 1061 1118 1132 iudex
1141 1059 1300 1156 partibus
1329 1059 1515 1132 terminum
1543 1059 1739 1152 assignare,
1776 1055 1874 1157 quod
1899 1074 2123 1156 compareant

374 1197 526 1248 scoram
553 1195 594 1242 eo
618 1169 770 1264 legitime
795 1189 1002 1264 processum
1031 1165 1067 1232 iu
1093 1187 1196 1234 eausa
1227 1160 1418 1258 principali.

325 1342 407 1419 T.8.
986 1344 1039 1412 De
1054 1345 1324 1431 procuratoribus
1341 1354 1373 1408 et
1387 1343 1545 1430 syndicis.

508 1475 578 1548 Sed
606 1476 686 1573 quia
713 1469 923 1570 principales
958 1493 1129 1567 personae
1160 1465 1347 1565 aliqnando
1380 1466 1506 1538 volunt
1533 1491 1599 1564 per
1629 1476 1893 1563 procuratorem
1927 1467 1964 1537 in
1993 1467 2121 1540 iudicio

408 1604 632 1677 comparere,
658 1576 737 1647 ideo
763 1575 808 1645 de
835 1574 923 1669 ipsis
949 1566 1240 1668 procuratoribus
1268 1581 1303 1640 et
1327 1568 1480 1667 syndicis
1509 1565 1665 1640 breviter
1688 1582 1954 1666 pertractemus.
2099 1604 2114 1641 ι

324 1683 407 1785 §.L
510 1680 545 1780 ἓ.
598 1681 664 1749 Est
691 1679 799 1770 igitur
826 1673 1006 1746 sciendum
1027 1670 1072 1769 ¹),
1099 1671 1198 1768 quod
1224 1669 1371 1768 quilibet
1393 1682 1513 1766 potest
1538 1695 1678 1742 causam
1703 1696 1803 1742 suam
1830 1697 1896 1768 pet·
1921 1673 2025 1744 alium
2051 1683 2121 1744 tra·

358 1808 391 1858 10
407 1795 520 1875 ctare,
554 1781 623 1850 uisi
647 1777 874 1876 prohibeatur
898 1777 1035 1847 ratione
1060 1799 1232 1871 personae
1257 1775 1522 1864 constituentis,
1564 1785 1604 1844 ut
1634 1774 1768 1867 minor,
1802 1774 1858 1846 vel
1883 1777 2018 1847 ratione
2040 1801 2121 1846 cau·

409 1911 488 1976 sae,
517 1895 605 1980 puta
628 1880 838 1973 criminalis,
870 1877 927 1949 vel
953 1879 1088 1948 ratione
1111 1901 1282 1973 personae
1308 1877 1518 1946 constitutae
1545 1875 1579 1945 in
1606 1888 1889 1970 procuratorem,
1916 1890 1957 1948 ut
1982 1876 2120 1970 melier,

363 2032 367 2079 t
407 1990 545 2078 minor,
579 1985 755 2074 furiosus,
793 1993 829 2053 et
854 1980 941 2051 aliae
968 1979 1104 2050 multae.
1156 1981 1251 2066 Quae
1278 1989 1392 2048 autem
1418 1980 1488 2047 sint
1514 2003 1708 2072 personae,
1744 2004 1834 2076 quae
1857 1992 2120 2074 procuratorem

405 2090 492 2161 dare
514 2113 586 2159 uon
611 2096 779 2183 possunt,
807 2095 841 2154 et
867 2082 1051 2179 quaesiui
1077 2105 1221 2172 causae,
1248 2104 1338 2177 quae
1365 2092 1631 2174 procuratorem
1660 2105 1731 2150 uon
1759 2083 1946 2176 accipiunt,
1972 2094 2007 2153 et
2029 2108 2121 2180 quae

406 2194 476 2262 sint
501 2212 686 2287 personae,
715 2211 805 2284 quae
831 2210 903 2256 uon
925 2193 1077 2281 possunt
1101 2207 1191 2274 esse,
1219 2192 1391 2253 tractatur
1419 2178 1507 2252 bene
1534 2183 1571 2251 in
1597 2179 1721 2254 libello
1749 2183 1924 2254 Taucredi
1941 2186 1971 2275 2)
1999 2186 2034 2254 in
2061 2211 2120 2256 eo·

358 2317 388 2367 15
406 2293 484 2365 dem
512 2290 615 2362 titulo
635 2287 678 2386 ³).
860 2289 862 2292 ’

505 2391 714 2466 Consideret
740 2401 853 2462 autem
880 2387 915 2458 in
942 2389 1055 2484 primo
1086 2385 1166 2458 loeo
1195 2396 1310 2477 actor,
1355 2385 1416 2480 qui
1448 2383 1526 2455 volt
1560 2410 1624 2481 per
1656 2400 1921 2482 procuratorem
1953 2411 2058 2480 agere
2083 2390 2120 2460 in

299 2579 301 2584 ¹
405 2519 509 2569 causa
535 2493 698 2592 propria,
732 2506 772 2562 ut
798 2490 1054 2588 praediximus,
1085 2498 1121 2560 ct
1146 2487 1306 2561 attendat
1331 2485 1538 2580 diligenter,
1574 2499 1691 2558 utrum
1717 2491 1765 2561 sit
1791 2503 1896 2586 aptus
1918 2488 1964 2558 ad
1988 2517 2119 2587 procu·

403 2611 556 2670 retorem
584 2594 885 2685 constituendum,
920 2590 978 2663 vel
1003 2617 1084 2662 non.
1136 2592 1225 2661 ltem
1259 2587 1457 2660 consideret
1483 2615 1595 2682 genus
1620 2615 1762 2682 causae,
1799 2593 1965 2688 quoniam
1992 2596 2028 2664 in
2053 2595 2119 2664 eri-

404 2700 524 2772 minali
558 2699 691 2769 frustra
725 2697 819 2766 venit
852 2705 1069 2790 procurator.
1104 2704 1143 2762 ut
1176 2692 1222 2762 Χ.
1249 2693 1292 2763 G.
1325 2690 1368 2761 dc
1400 2704 1577 2786 procurat.
1595 2687 1630 2782 l,
1644 2687 1706 2762 58.
1741 2718 1771 2765 c.
1797 2704 1890 2764 tuae.
1909 2691 1946 2764 5.
1964 2683 2000 2796 ⁴)
2028 2693 2118 2768 (1.5.

355 2818 388 2869 20
406 2800 493 2899 (1.5.
511 2790 546 2903 ⁵)
573 2826 604 2872 e.
630 2801 666 2869 iu
690 2796 937 2870 criminalibus.
955 2793 990 2865 Β.
1041 2796 1129 2865 ltem
1163 2794 1329 2889 respiciat
1357 2817 1565 2888 personam,
1605 2819 1711 2890 quam
1746 2796 1944 2891 constituit,
1985 2813 2021 2869 et
2045 2825 2118 2870 ma-

403 2906 495 2975 xime
522 2907 553 2973 si
577 2914 678 2974 actor
704 2912 756 2971 est
774 2899 805 2990 6)
840 2898 969 2989 laicus,
1010 2920 1081 2965 uon
1108 2898 1299 2967 constituat
1332 2894 1491 2966 clericum
1511 2895 1543 2992 ⁷)
1572 2921 1669 2966 suum
1697 2910 1988 2992 procuratorem,
2034 2902 2118 3000 quia

403 3007 434 3076 si
460 3005 565 3096 lacit,
592 3029 663 3076 nou
690 3001 794 3073 valet.
846 3002 892 3071 Χ.
919 3002 962 3072 G.
989 3024 1032 3069 ue
1058 2996 1140 3069 cler.
1165 2998 1222 3068 vel
1247 2996 1419 3068 monachi.
1436 2996 1476 3089 5,
1492 2993 1555 3068 50.
1583 3024 1648 3094 per
1674 3011 1798 3072 totum.

505 3108 570 3177 llis
593 3107 677 3176 visis
704 3116 805 3176 actor
828 3101 933 3174 iaciat
963 3111 1230 3197 procuratorem
1255 3111 1475 3195 praesentem
1507 3099 1564 3171 vel
1589 3097 1770 3173 absentem
1802 3099 1872 3172 sub
1900 3101 1964 3177 bac
1993 3105 2117 3180 lorma.

405 3211 467 3281 Est
494 3220 609 3281 tamen
633 3207 747 3279 forma
773 3204 925 3301 duplex,
970 3227 1062 3300 quae
1095 3201 1137 3273 lit
1169 3226 1235 3300 per
1259 3200 1438 3298 publicam
1465 3227 1623 3295 manum,
1665 3217 1701 3274 et
1726 3229 1817 3301 quae
1843 3205 1884 3276 fit
1907 3232 1972 3302 per
1994 3207 2118 3282 literas

354 3321 386 3371 20
404 3310 631 3508 fflgfflllasper
658 3435 796 3482 manum
828 3406 1006 3505 p„blicam
1037 3403 1118 3497 liat,
1160 3402 1246 3476 baec
1276 3406 1343 3476 erit
1376 3405 1489 3477 forma
1528 3408 1779 3479 constituendi:
1817 3413 1950 3501 „Anno
1977 3411 2119 3481 Domini

402 3525 497 3606 „ete
521 3514 587 3607 la,
629 3511 820 3610 presbyter
852 3511 897 3582 de
930 3507 993 3579 tali
1023 3507 1123 3599 loco,
1161 3505 1244 3579 fecit
1274 3518 1310 3578 et
1342 3510 1526 3580 constituit
1557 3521 1593 3582 et
1621 3509 1795 3580 ordinavit
1829 3512 1891 3602 (l,
1935 3509 2112 3601 clericum,

403 3641 534 3709 „suum
571 3625 835 3731 procuratorem
879 3622 915 3684 et
952 3609 1185 3682 sufficientem
1221 3608 1460 3728 responsalem
1504 3613 1541 3682 in
1573 3611 1696 3682 causa’
1737 3605 1820 3780 )‚v⁰¹
1852 3616 1915 3704 „in
1950 3607 2112 3718 causis’)

403 3716 562 3816 „quam”
592 3715 666 3814 (vel
692 3713 845 3812 „quas')
874 3710 1034 3806 „babet”
1061 3708 1134 3808 (vel
1160 3709 1318 3804 „babere
1344 3713 1505 3809 sperat”)
1532 3737 1640 3805 „eum
1664 3738 1745 3809 pres
1772 3723 1872 3810 ptero
1888 3714 1946 3806 ll,
1975 3727 2116 3791 rectore

354 3837 385 3888 ιο
404 3818 598 3912 „ecclesiae
623 3829 763 3890 sanctae
787 3817 942 3908 Mariae,
983 3838 1091 3910 super
1113 3815 1188 3884 iure
1213 3815 1450 3909 patronatus”
1477 3813 1549 3910 (vel
1576 3813 1777 3910 „patronali
1788 3802 1818 3915 ’)
1845 3828 1908 3907 „et
1933 3812 2009 3885 aliis
2034 3820 2113 3914 qui·

402 3920 648 4019 „beccumque
676 3922 712 3990 in
738 3942 862 4010 causa,
898 3941 989 4015 quae
1013 3915 1183 3986 vertitur’
1211 3911 1287 4019 (vel
1313 3916 1432 4008 „verti
1456 3915 1663 4012 speratur'’)
1688 3939 1833 4007 „eoram
1859 3919 2028 4010 magistro
2056 3921 2113 4014 G,

400 4025 596 4117 „canonico
623 4023 792 4114 Aretino,
832 4018 961 4091 asedc
996 4016 1209 4113 apostolica'’
1246 4016 1316 4106 (vel
1351 4041 1398 4108 „a
1432 4015 1575 4089 domino
1609 4017 1819 4116 episeopo”)
1848 4019 1988 4111 „iudice
2017 4021 2115 4097 dele-

401 4125 538 4218 „gato”
564 4121 637 4221 (vel
653 4113 958 4222 „subdelegato”)
977 4119 1009 4219 ⁸)
1036 4118 1108 4210 (vel
1131 4117 1377 4215 „ordinario”)
1405 4131 1465 4211 „et
1491 4143 1608 4192 eoram
1635 4119 1703 4192 alio
1730 4145 1956 4218 quocumque
1982 4123 2110 4225 iudice,

399 4226 516 4320 „daus
543 4227 574 4298 ei
599 4226 793 4315 licentiam,
826 4237 868 4295 ut
893 4223 1008 4320 possit
1033 4245 1155 4314 agere,
1191 4221 1347 4312 causari,
1378 4222 1555 4318 excipere,
1593 4222 1781 4319 replicare,
1817 4225 1988 4321 experiri,
2016 4252 2112 4300 com·

350 4358 382 4409 ³5
399 4353 580 4426 „ponere,
615 4329 828 4420 transigere,
865 4325 1014 4421 pacisci,
1048 4322 1305 4395 restitutionem
1324 4321 1356 4422 9)
1383 4324 1419 4393 iu
1443 4325 1619 4416 integrum
1645 4323 1844 4421 postulare,
1878 4338 1914 4398 et
1937 4328 2051 4400 omnia
2077 4345 2112 4403 et

399 4429 567 4526 „singula
593 4429 727 4522 facere,
756 4451 847 4527 quae
874 4453 976 4500 verns
1002 4435 1038 4497 et
1064 4424 1238 4519 legitimus
1264 4436 1477 4522 procurator
1504 4425 1619 4498 lacere
1645 4437 1783 4523 potest,
1816 4433 2043 4526 promittens,
2073 4457 2113 4508 se

444 4681 521 4760 105)
565 4703 634 4768 arg.
666 4703 756 4750 vers.
792 4681 924 4746 taudem
958 4675 1160 4743 deliberatio.
1190 4687 1223 4740 et
1332 4674 1373 4755 3)
1418 4672 1491 4741 Vid.
1510 4681 1620 4742 Pauor.
1640 4689 1722 4765 part.
1739 4679 1768 4744 l.
1782 4681 1826 4744 tit
1841 4679 1872 4744 6.

399 4807 490 4853 vers.
505 4785 662 4871 quocirca
676 4784 881 4852 mandamus.
909 4779 1020 4845 luuoc.
1035 4783 1065 4846 3.
1331 4776 1371 4850 d)
1414 4778 1524 4845 lnuoo.
1541 4777 1571 4844 3.

442 4886 519 4965 106)
564 4888 598 4952 0.
614 4892 646 4954 3.
664 4880 979 4949 -B.„desu.111.”
1330 4879 1368 4962 5)
1411 4880 1591 4965 p.3.-B.
1609 4905 1658 4968 aq.
1673 4881 1760 4948 llil.”

441 4990 477 5073 l)
519 4995 684 5054 edendum.
700 5023 741 5036 -
759 4984 796 5050 B.
813 4981 1024 5069 „syndicus”
1329 4980 1369 5064 6)
1412 4991 1466 5046 ast.
1481 4981 1574 5048 —B.
1595 4982 1688 5050 „ult”
1703 4983 1798 5064 (vel.)

365 5111 380 5160 5
440 5091 473 5166 2)
516 5098 550 5153 tn
571 5093 671 5154 libello
689 5091 850 5151 Tnnmdi.
878 5092 991 5171 (quem
1009 5093 1125 5150 noster
1144 5081 1217 5150 lero
1328 5083 1365 5162 7)
1409 5087 1561 5149 clericare.
1577 5122 1619 5132 -
1633 5084 1673 5151 Β.
1689 5083 1872 5172 »laycumss'

400 5188 669 5259 ubivistauoavtt
678 5186 897 5276 Cipus-320.
906 5207 994 5254 vers.
1007 5186 1100 5256 aaut
1107 5192 1216 5272 sequ)
1326 5182 1365 5265 8)
1412 5183 1451 5250 Β.
1466 5187 1543 5252 add.
1564 5187 1692 5252 „indice
1708 5187 1803 5254 del’.”

394 5293 476 5358 Abs.
493 5290 567 5356 aB.
691 5377 696 5386 Ι
1328 5284 1365 5369 9)
1408 5294 1642 5354 restitutionem.
1661 5325 1702 5336 -
1716 5289 1755 5354 B.
1772 5293 1995 5359 „restituere”
