4786 5962
389 573 432 642 20
951 571 1037 638 Pillii
1066 573 1108 638 de
1137 573 1206 640 ord.
1234 571 1384 640 iudicior.
1429 569 1468 638 P.
1485 559 1514 638 l.

390 763 618 836 vindicationi
642 764 701 837 vel
726 765 869 836 alterius
897 764 963 858 rei,
988 786 1208 862 quacumque
1226 764 1363 836 actione
1388 774 1597 856 conventus,
1623 777 1660 835 et
1684 764 1759 834 uine
1785 785 1912 856 causa,
1935 789 2016 836 cum
2042 787 2114 834 non

390 867 608 965 possideret,
652 865 882 940 damnabitur.
916 878 958 938 ut
983 867 1063 958 big.
1096 865 1139 937 de
1169 866 1221 937 rei
1254 863 1401 960 vindli,
1429 863 1513 937 1.1.
1545 867 1577 938 ie
1606 866 1679 963 qni.
1696 862 1756 936 25.
1788 876 1824 937 et
1850 866 1930 959 big.
1964 865 2008 938 de
2042 877 2114 962 pet.

391 968 511 1041 bered.
519 965 558 1061 5,
573 967 611 1041 5.
637 970 660 1040 Ι.
686 971 746 1069 qui
769 993 809 1041 se
834 969 899 1040 liti.
916 965 977 1040 db'.
1008 967 1142 1040 scilicet
1166 967 1225 1039 vel
1250 968 1294 1040 ad
1320 967 1493 1042 interesse
1519 970 1668 1061 actoris,
1698 978 1738 1038 ut
1763 968 1799 1038 in
1826 967 1946 1052 eadem
1972 967 1997 1040 l.
2023 969 2114 1065 „qui

392 1097 459 1164 „se
491 1070 578 1142 liti.’'
614 1083 774 1164 cavetur,
814 1070 872 1143 vel
902 1070 997 1143 forte
1027 1072 1150 1168 quanti
1182 1081 1282 1142 actor
1318 1073 1355 1142 in
1392 1071 1488 1143 litem
1525 1072 1703 1143 iuraverit.
1760 1069 1833 1141 Sed
1870 1069 2113 1164 distinguitur,

359 1184 510 1246 autmm
536 1175 673 1267 ignoret
700 1184 799 1246 actor
824 1198 924 1260 reum
951 1197 1022 1244 non
1049 1172 1251 1270 possidere,
1281 1197 1347 1246 nec
1374 1173 1460 1245 dolo
1486 1173 1630 1266 secisse,
1658 1197 1729 1272 quo
1755 1175 1871 1244 minus
1897 1171 2115 1268 possideret,

391 1278 427 1346 in
454 1299 527 1372 quo
555 1299 638 1348 casn
664 1301 737 1348 non
764 1276 829 1348 erit
855 1300 938 1345 rens
962 1272 1223 1346 absolvendus:
1261 1275 1324 1348 sed
1350 1273 1418 1348 boc
1446 1299 1565 1348 verurn
1592 1286 1666 1368 est,
1693 1276 1725 1345 si
1750 1276 1905 1371 patiatur
1929 1298 2048 1345 secum
2073 1273 2114 1344 ti-

392 1389 463 1450 tem
489 1379 697 1472 contestari3
726 1380 757 1450 si
783 1401 867 1449 vero
893 1387 973 1448 ante
997 1375 1095 1448 litem
1123 1386 1354 1449 contestatam
1381 1378 1560 1475 poeniteat
1586 1403 1666 1450 eum
1694 1388 1730 1449 et
1754 1376 1911 1448 dicatae
1934 1400 2007 1446 non
2031 1399 2114 1472 pos·

390 1479 523 1572 sidere,
556 1506 629 1551 non
656 1479 787 1576 decipit
811 1489 987 1571 actorem,
1024 1505 1103 1550 cum
1129 1503 1202 1549 non
1228 1480 1426 1576 possideat,
1455 1492 1491 1553 et
1521 1505 1594 1550 non
1619 1477 1761 1551 videtur
1786 1503 1825 1552 se
1850 1478 1903 1548 liti
1929 1476 2114 1567 obtulisse,

393 1582 458 1680 qui
488 1582 668 1654 discessit:
715 1607 793 1653 cnm
835 1591 951 1653 autem
991 1580 1060 1652 scit
1097 1591 1198 1652 actor
1236 1607 1337 1654 reum
1374 1606 1446 1654 non
1479 1581 1685 1679 possidere,
1727 1592 1812 1652 tuuc
1849 1604 1921 1651 non
1951 1577 1997 1651 ab
2029 1578 2113 1669 alio,

344 1705 376 1758 ιο
393 1683 457 1756 sed
481 1708 502 1754 a
528 1709 567 1755 se
589 1683 781 1780 decipitur,
825 1694 861 1754 et
886 1682 965 1754 ideo
992 1707 1073 1754 reus
1098 1680 1304 1755 absolvitur.
1329 1695 1368 1756 ut
1395 1685 1473 1779 θὶς.
1498 1683 1542 1756 de
1567 1686 1618 1756 rei
1644 1683 1738 1755 vind.
1751 1681 1790 1775 6,
1818 1680 1852 1754 1.
1878 1681 1903 1752 l.
1925 1681 1955 1752 is
1983 1680 2043 1778 qui
2065 1703 2115 1751 sc.

392 1782 452 1856 25.
478 1785 563 1856 etl.
592 1810 672 1854 narn
700 1783 814 1858 sttss.

292 1890 394 1990 §.st
496 1886 532 1984 S.
552 1885 582 1984 ¹)
633 1887 793 1959 Diximus
812 1911 927 1984 prope
946 1887 1124 1985 superius,
1150 1887 1247 1986 quod
1272 1899 1386 1980 actor,
1414 1911 1496 1959 cum
1522 1913 1597 1960 rem
1623 1900 1743 1985 petere
1768 1885 1858 1978 vult,
1886 1883 1993 1956 debet
2006 1907 2114 1982 quac·

393 2013 473 2061 rere
498 1999 534 2059 et
562 1990 798 2083 interrogare,
832 2001 950 2061 utrum
983 2014 1064 2062 reus
1096 1989 1275 2086 possideat
1304 2002 1370 2064 etc.
1422 1991 1527 2062 Nunc
1553 1992 1660 2085 igitur
1679 1990 1710 2089 ²)
1744 1989 1921 2060 videamus
1954 1985 1999 2058 de
2036 1986 2114 2083 qui·

393 2088 543 2160 busdam
571 2089 647 2162 aliis
665 2089 698 2188 ³)
724 2091 1080 2185 interrogationibus,
1116 2118 1205 2192 quae
1230 2103 1309 2165 ante
1336 2093 1434 2166 litem
1461 2105 1694 2166 contestatam
1720 2091 1830 2184 fiunt,
1864 2088 1944 2183 ubi,
1973 2086 2115 2186 wando

344 2203 376 2252 1⁵
394 2202 430 2264 et
454 2192 633 2290 vorando
657 2194 734 2264 lieri
755 2191 917 2266 debeant.

495 2295 706 2367 Huiusmodi
737 2320 890 2393 namque
922 2293 1219 2389 interrogationes
1259 2305 1345 2368 sunt
1387 2296 1566 2370 faciendae
1600 2298 1635 2366 in
1667 2295 1746 2367 loco
1778 2293 1950 2384 iudiciali,
1994 2291 2030 2362 id
2060 2301 2115 2364 eat

252 2398 254 2406 '
394 2403 474 2466 ante
498 2396 668 2488 iudicem,
712 2409 747 2470 et
779 2408 861 2468 ante
893 2397 991 2469 litem
1024 2409 1266 2470 contestatam.
1299 2409 1339 2470 ut
1366 2400 1445 2493 θὶς.
1472 2398 1517 2470 de
1542 2400 1707 2492 interrog.
1744 2393 1888 2489 actii,
1915 2390 2050 2466 1.1.1.
2079 2390 2114 2490 §-

393 2497 684 2592 interrogator-iis.
701 2496 734 2570 1.
751 2501 783 2589 ⁴)
836 2501 883 2572 Et
907 2497 969 2570 ubi
993 2500 1145 2593 dicitur,
1174 2499 1270 2597 quod
1290 2499 1380 2574 bunt
1406 2503 1442 2571 in
1467 2501 1563 2593 iure,
1590 2525 1676 2593 ergo
1701 2510 1786 2597 post
1812 2499 1911 2569 litem
1940 2505 2113 2569 contesta-

393 2610 485 2694 un,
525 2626 597 2673 non
623 2612 679 2672 est
704 2627 845 2695 verum3
883 2600 946 2672 sed
972 2601 1129 2695 intellige
1160 2603 1225 2694 „in
1251 2603 1350 2674 iure'’
1377 2602 1413 2673 id
1438 2615 1494 2674 est
1519 2606 1583 2696 „in
1608 2603 1708 2695 loco,
1751 2602 1886 2698 inquo
1915 2599 1970 2669 ius
1996 2595 2113 2670 reddi·

343 2724 379 2777 ao
394 2703 519 2796 ‚,tur,’'
544 2713 581 2774 et
612 2728 683 2775 non
711 2705 773 2795 „in
798 2703 898 2774 iure'’
923 2703 959 2774 id
985 2713 1040 2774 est
1065 2705 1130 2797 „in
1156 2703 1319 2776 iudicio.”
1371 2704 1409 2774 Si
1435 2707 1625 2803 reperitur,
1659 2703 1757 2802 qaod
1791 2703 1883 2773 liunt
1908 2701 1943 2772 in
1968 2698 2113 2788 iudicio,

391 2804 568 2898 intellige,
610 2804 647 2876 id
681 2817 736 2876 est
765 2816 875 2897 „ante
903 2797 1111 2900 iudicem3'’¹
1134 2805 1192 2877 vel
1223 2806 1322 2901 largo
1355 2805 1463 2879 modo
1496 2809 1667 2906 accipitur
1697 2804 1746 2877 ibi
1776 2804 1959 2896 iudicium,
1998 2801 2114 2871 idest

392 2905 504 2998 „dum
531 2906 609 3002 qnia
639 2909 862 2999 convenitur,
888 2907 950 2978 lite
976 2907 1133 2979 nondum
1160 2919 1354 2980 contestata
1371 2907 1440 3001 ⁵).''

493 3009 540 3079 Et
564 3008 655 3080 liunt
680 3006 783 3080 bodie
811 3010 1106 3102 interrogationes
1133 3022 1213 3082 ante
1239 3011 1335 3083 litem
1365 3021 1618 3103 contestatam,
1653 3020 1694 3081 ut
1720 3008 1853 3081 dictum
1879 3018 1953 3099 est,
1989 3008 2025 3076 in
2052 3003 2113 3076 de·
2207 3063 2216 3080 .

393 3133 468 3180 cem
493 3106 633 3182 casibus
658 3109 871 3206 specialibus
900 3122 936 3184 et
966 3113 1002 3182 in
1031 3139 1103 3186 uno
1129 3135 1214 3184 casa
1239 3114 1404 3208 generali.
1456 3113 1597 3185 Primus
1625 3135 1727 3184 casus
1749 3123 1823 3204 cst,
1857 3134 1902 3180 un
1928 3109 1975 3180 sit
1999 3105 2112 3178 beres.

394 3459 526 3548 alius.”)
548 3453 688 3550 prorsus
710 3467 828 3533 omisit.
866 3465 936 3532 Sed
955 3469 1052 3532 istum
1073 3470 1222 3554 spuriam
1291 3471 1504 3558 „rogationib
1526 3479 1602 3534 ante
1623 3467 1715 3534 litem
1730 3477 1815 3533 cont.
1837 3503 1879 3516 —
1901 3501 1944 3514 ·-
1964 3463 2050 3550 quod
2064 3459 2112 3526 fa·

395 3583 473 3628 esse
496 3564 581 3630 haec
605 3570 795 3650 praeteritio
825 3567 914 3635 baud
939 3570 1117 3652 convincit,
1147 3595 1223 3638 oum
1292 3572 1452 3638 „ciendae
1482 3580 1558 3638 sunt
1584 3565 1712 3636 inloco
1732 3565 1893 3646 iudiciali3
1923 3576 1956 3633 et
1974 3565 2113 3631 verbum

287 3687 291 3705 ι
394 3669 505 3750 potius
520 3666 627 3750 ipsam
642 3667 726 3733 Pillii
742 3671 930 3754 opinionem
945 3671 1095 3738 Damaso
1110 3674 1222 3758 displi-
1292 3673 1504 3752 „niniure’'”,
1533 3675 1622 3760 quod
1645 3684 1697 3738 est
1718 3675 1752 3738 in
1771 3670 1829 3737 l.l.
1853 3669 1884 3757 §.
1899 3671 2113 3752 interrogato·

397 3771 510 3833 cuisse
527 3769 607 3833 satis
622 3769 801 3836 verisimile
818 3773 869 3836 sit.
1292 3769 1402 3840 „riis”
1412 3773 1568 3856 (vid.h.l.
1579 3777 1606 3840 1.
1622 3777 1693 3860 pr.)
1709 3770 1880 3856 »intelligit
1894 3775 1914 3837 i.
1932 3791 1960 3835 c.
1975 3771 2009 3835 in
2024 3767 2111 3845 loco,

363 3875 378 3925 ³
480 3869 520 3936 Β.
543 3881 619 3935 ante
641 3874 733 3937 verb.
755 3892 824 3959 seq.
849 3873 903 3939 nst
926 3895 1006 3943 vero
1022 3879 1105 3945 etc.”
1120 3878 1222 3946 iuscr.
1291 3877 1343 3942 „in
1360 3897 1424 3964 quo
1440 3879 1492 3942 ius
1507 3877 1673 3959 redditur,
1694 3887 1727 3942 et
1746 3895 1814 3940 non
1836 3874 1870 3937 iu
1883 3874 1955 3938 iure
1971 3879 2004 3938 et
2017 3870 2050 3934 in
2064 3869 2112 3958 iu-

395 3965 466 4033 aDe
480 3969 548 4052 his,
578 3974 633 4056 qui
648 3993 687 4038 se
701 3972 749 4038 liti
764 3975 933 4040 offerunt.'’
1292 3977 1399 4044 „dicio
1413 3980 1479 4044 iarn
1493 3980 1646 4044 instituto.
1675 3977 1760 4058 lmo,
1779 3976 1809 4042 si
1823 3975 2002 4058 reperitur,
2024 3969 2114 4056 qnod

441 4070 475 4154 l)
518 4071 558 4135 Β.
572 4075 671 4139 iuscr.
696 4074 751 4140 alu
772 4077 892 4161 quibus
913 4079 1012 4144 casib.
1028 4079 1109 4148 fiunt
1123 4082 1222 4149 hodie
1293 4082 1392 4148 „fient
1413 4081 1447 4145 in
1467 4081 1604 4162 iudicio,
1634 4080 1710 4145 dicit
1726 4073 1975 4158 intelligendum
1997 4082 2112 4137 „nante

395 4171 690 4258 »interrogationes
705 4177 832 4258 anteiit
856 4183 962 4245 oont”
992 4180 1043 4248 Cf.
1058 4196 1125 4250 not.
1141 4185 1172 4250 5.
1187 4186 1222 4249 in
1291 4181 1484 4247 ”vindicium
1497 4182 1552 4249 vel
1566 4183 1655 4268 apud
1669 4180 1812 4246 iudicem
1821 4177 1871 4250 ;’”’
1883 4171 1939 4238 vel
1953 4173 2112 4256 nnarctpt-

394 4270 417 4338 1.
440 4309 483 4322 -
505 4272 544 4338 G.
574 4273 645 4341 »De
666 4275 739 4344 aliis
758 4281 1036 4366 interrogationib.
1057 4297 1133 4350 ante
1155 4285 1221 4350 litis
1291 4295 1379 4348 aretur
1393 4283 1507 4370 large,
1535 4285 1556 4349 i.
1580 4304 1609 4347 e.
1633 4283 1711 4346 dum
1734 4275 1808 4363 quis
1831 4273 2044 4355 convenitur,
2071 4271 2110 4337 li·

347 4393 379 4444 1⁰
397 4376 524 4442 ”wilt”
1290 4396 1382 4451 uacet
1410 4385 1452 4451 lis
1475 4393 1658 4451 contestata
1681 4399 1749 4445 non
1775 4377 1866 4442 stt.””
1909 4377 1982 4443 Nec
2000 4385 2110 4460 putes,

480 4475 531 4542 Cf.
549 4481 661 4546 Tuam.
676 4499 710 4564 p.
720 4481 752 4544 2.
773 4483 866 4548 ιὶι21
890 4483 954 4572 §.L
973 4491 1101 4551 Dorcas.
1117 4490 1161 4553 tit.
1171 4487 1220 4552 19.
1288 4488 1397 4574 aqnod
1417 4489 1493 4569 ipse
1508 4485 1623 4550 Pillius
1643 4481 1789 4545 intendet
1807 4489 1885 4564 post
1902 4476 2111 4545 contestatio·

437 4578 474 4660 2)
516 4587 621 4660 igitur.
634 4581 673 4648 P.
691 4582 718 4647 l.
732 4581 762 4647 2.
778 4583 819 4649 G.
833 4622 876 4634 -
890 4585 925 4651 Β.
943 4607 1006 4653 οιιι.
1290 4607 1388 4654 „nem
1408 4587 1475 4651 litis
1494 4583 1769 4666 interrogationes
1794 4603 1856 4666 per
1875 4580 2019 4647 indicem
2038 4577 2112 4643 fieri

436 4677 474 4762 3)
517 4685 597 4748 alite.
612 4684 648 4750 P.
663 4685 694 4751 2.
710 4683 751 4751 G.
767 4723 807 4734 --
821 4685 860 4752 B.
875 4688 910 4752 P.
928 4690 957 4755 l.
973 4709 1036 4754 om.
1287 4706 1372 4751 anon
1386 4705 1508 4770 posse,
1536 4683 1630 4748 caius
1645 4687 1844 4750 contrarium
1859 4692 1912 4745 est
1924 4699 2054 4757 verum,
2068 4714 2110 4724 -

435 4781 476 4860 4)
519 4780 569 4848 Gi.
588 4785 691 4852 Gtom.
709 4789 752 4854 ad
766 4786 848 4873 pul.
862 4788 882 4853 l.
898 4792 931 4855 in
946 4813 974 4855 v.
992 4789 1111 4854 domni.
1127 4805 1217 4853 vers.
1288 4817 1350 4851 η·-
1365 4788 1427 4850 sed
1446 4784 1585 4848 intendit
1605 4785 1648 4849 ad
1667 4785 1742 4853 illes
1762 4804 1829 4849 non
1851 4801 1929 4847 esse
1951 4797 2110 4846 necessa-

345 4893 537 4965 recincta,
561 4889 649 4974 quod
664 4909 707 4954 ex
721 4910 771 4955 eo.
1003 4953 1005 4955 ,
1286 4886 1388 4951 ariam
1410 4887 1713 4953 contestationem.”
1733 4919 1775 4936 -·-
1797 4883 1953 4948 Ceterum
1972 4879 2014 4946 cs.
2028 4878 2060 4943 h.
2076 4879 2108 4966 §.

435 4985 472 5067 5)
516 4991 562 5051 Io.
577 4989 680 5054 Andr.
695 4997 740 5053 ad
751 4995 791 5054 θ.
807 5015 854 5074 ap.
877 4993 933 5057 lib.
949 4993 979 5054 2.
1008 5011 1038 5073 p.
1054 4989 1084 5052 2.
1107 4990 1150 5053 tit
1175 4989 1217 5054 de
1289 4988 1337 5053 ll.
1353 4987 1386 5052 in
1401 4986 1456 5050 tin.
1472 4997 1591 5075 etseq.
1607 4988 1636 5076 §.
1644 4990 1694 5055 12.
1709 5005 1798 5052 vers.
1826 4986 1868 5050 Et
1881 4993 2019 5068 propter
2032 4979 2107 5046 boe.

392 5089 576 5168 positionib.
589 5089 655 5177 §.2
672 5092 706 5154 in
719 5089 741 5154 1.
758 5093 850 5158 „De”
865 5093 1031 5178 (membro
1047 5090 1124 5153 „ubi
1138 5089 1220 5154 liunt
1371 5088 1457 5153 Ante
1471 5091 1563 5156 verb.
1580 5111 1651 5174 seq.
1666 5087 1726 5152 „Et
1738 5085 1820 5152 dunt
1834 5087 1916 5159 eto.,”
1936 5083 1971 5148 P.
1979 5085 2011 5148 2.
2033 5084 2107 5147 ιιιὶιι.

394 5189 632 5275 „positionea”)
654 5191 752 5256 „dicit
762 5193 878 5259 Piltius
892 5203 976 5276 part.
988 5192 1014 5254 l.
1030 5192 1120 5254 mbr.
1137 5211 1218 5273 pen·
1287 5189 1316 5252 2.
1334 5190 1386 5253 nin
1402 5191 1489 5276 quib.
1499 5192 1612 5257 causis
1627 5189 1707 5254 fiunt
1721 5186 1818 5255 hodie
1832 5185 2106 5271 interrogationes

394 5289 487 5354 „ult”
502 5291 565 5375 (cf.
579 5303 645 5360 not
661 5293 689 5357 l.
705 5290 784 5376 ad§
804 5294 869 5376 12.)
886 5294 1047 5378 „loquens
1063 5295 1105 5358 de
1118 5292 1218 5362 inter-
1289 5303 1385 5358 nante
1400 5291 1443 5357 lit.
1460 5292 1568 5357 oont”
