4786 5962
534 554 605 639 (De
620 554 723 622 rebus
737 551 891 637 petendis
907 561 939 618 ct
952 551 1168 637 designandis
1184 561 1217 618 et
1231 553 1273 618 dc
1289 553 1401 620 causis
1416 553 1650 637 exprimendis.
1693 552 1725 641 §.
1740 554 1786 642 2.)
2002 559 2024 626 9

298 763 389 844 1010,
431 747 512 846 quia
539 744 731 843 appellatio
759 742 811 816 rei
844 744 881 813 in
914 742 1052 814 actione
1077 742 1114 812 in
1139 766 1214 813 rem
1242 735 1416 840 specie'm,
1455 769 1526 816 non
1554 769 1665 837 genus
1690 745 1865 839 significat
1887 747 1947 840 31).
1982 760 2022 822 ut

298 853 380 944 Dig.
408 849 451 922 de
476 849 526 920 rei
553 846 646 918 vind.
667 847 703 937 o,
732 841 766 916 l.
793 845 814 915 l.
843 846 873 915 si
899 846 934 914 in
959 841 1093 916 remli.
1145 845 1279 914 Verum
1306 847 1398 916 iusta
1426 869 1531 918 causa
1555 848 1806 920 interveniente
1832 851 2023 922 remittitur

297 954 489 1025 necessitas
522 949 660 1022 dicendi
696 958 840 1044 quotam
868 957 1015 1042 partem.
1041 957 1080 1016 ut
1105 946 1183 1039 Dig.
1210 945 1255 1018 de
1280 948 1330 1018 rei
1361 948 1454 1020 vind.
1471 946 1509 1039 6,
1541 944 1572 1020 1.
1605 949 1628 1022 l.
1659 974 1751 1047 quac
1784 949 1829 1024 de
1855 961 1941 1024 tota.
1959 955 2021 1027 td.

297 1053 333 1154 §-
354 1057 385 1128 1.
412 1052 474 1125 nbi
500 1050 647 1142 dieitur,
674 1047 771 1147 quod
796 1049 950 1136 incertae
976 1049 1088 1145 partis
1116 1047 1304 1120 vindicatio
1330 1047 1434 1120 datur
1452 1048 1513 1146 ³2).

399 1157 506 1247 Item,
535 1152 676 1252 quando
701 1151 783 1249 quis
811 1148 887 1220 vult
909 1150 1061 1246 experiri
1086 1149 1129 1220 de
1156 1151 1381 1245 possessione
1406 1150 1666 1248 recuperanda,
1706 1152 1758 1224 sic
1780 1153 1954 1250 concipiet
1978 1152 2053 1228 li·5

298 1255 446 1330 bellum:
486 1257 592 1350 „Ego
618 1255 661 1324 B.
696 1277 894 1350 conqueror
920 1254 997 1324 Deo
1029 1252 1125 1342 0133)
1151 1250 1255 1323 vobis
1288 1252 1332 1324 de
1355 1253 1427 1345 Μ.,
1462 1253 1528 1350 qui
1558 1277 1624 1349 per
1655 1254 1727 1324 vim
1758 1251 1908 1328 abstulit
1937 1254 2020 1326 mihi

298 1359 586 1456 „possessionem
621 1353 720 1426 fundi
750 1356 857 1451 positi
884 1355 921 1424 10
948 1352 1011 1424 1011
1036 1351 1117 1426 1000
1142 1353 1234 1444 cte.”
1269 1354 1327 1425 rel
1352 1355 1442 1452 „qui
1471 1355 1598 1428 deiecit
1630 1379 1685 1426 mc
1721 1354 1765 1428 de
1797 1358 2020 1453 possessione

298 1460 425 1554 „laudi
451 1460 560 1556 positi
586 1459 624 1528 in
649 1456 711 1528 tali
736 1455 917 1529 loco.”-—
966 1458 1067 1546 Item,
1096 1453 1197 1526 side
1223 1459 1450 1552 possessione
1474 1455 1655 1528 retinenda
1672 1456 1719 1543 34)
1749 1460 1827 1554 quis
1854 1457 1932 1528 vult
1959 1483 2018 1530 cx·

298 1564 422 1660 periri,
448 1563 499 1634 sic
522 1561 717 1655 concipitur
741 1556 904 1630 libellus:
929 1558 1033 1652 „ligo
1058 1558 1101 1628 B.
1127 1581 1328 1655 conqueror
1351 1557 1454 1630 vobis
1478 1557 1524 1630 dc
1550 1559 1619 1651 M„
1652 1559 1714 1656 qui
1739 1559 1907 1656 inquietat
1936 1557 2020 1630 mihi

201 1750 206 1766 .
298 1664 587 1762 „possessiouem
606 1664 653 1752 35)
689 1661 769 1730 talis
802 1662 854 1732 rei
888 1659 978 1732 etc.”
1004 1699 1056 1714 -
1090 1658 1147 1731 vel
1181 1660 1272 1756 „qui
1297 1686 1368 1732 non
1395 1660 1502 1732 sinit”
1535 1660 1594 1732 vel
1626 1685 1728 1752 „non
1760 1661 1930 1757 permittit
1962 1686 2018 1734 me
2036 1686 2069 1738 10

298 1766 432 1858 „talem
473 1792 547 1838 rem
590 1765 708 1861 quiete
749 1761 968 1858 possidere.”
1001 1801 1051 1815 -
1089 1761 1146 1834 vel
1183 1764 1273 1858 „qui
1312 1759 1499 1859 perturbat
1533 1773 1570 1834 et
1606 1762 1777 1859 inquietat
1814 1759 1898 1832 mihi
1932 1787 2019 1859 pos-

298 1869 518 1960 „sessioncm
544 1866 623 1937 talis
651 1865 704 1936 rei
728 1864 819 1936 ctc.’'
836 1864 895 1956 36).
910 1886 974 1918 -’
997 1862 1045 1934 Et
1070 1865 1105 1933 in
1131 1862 1200 1934 hoe
1225 1889 1308 1935 casu
1334 1865 1448 1938 locum
1472 1860 1581 1936 habet
1606 1863 1829 1935 interdictum
1854 1865 1905 1934 uti
1934 1889 2018 1960 pos-

298 1971 422 2043 sidetis
450 1967 642 2040 secuudum
669 1966 867 2063 quosdam,
906 1965 962 2036 vel
986 1965 1208 2036 interdictum
1236 1965 1329 2038 unde
1353 1967 1399 2038 vi.
1426 1990 1498 2060 arg.
1524 1967 1605 2059 ltig.
1632 1963 1725 2036 unde
1751 1961 1880 2057 1113,
1908 1961 1966 2036 lli
1993 1966 2017 2038 l.

297 2073 367 2143 vim
398 2071 491 2143 iacit.
509 2066 567 2141 11.
583 2071 629 2160 ³⁷)
662 2079 699 2140 et
735 2093 809 2161 arg.
836 2069 915 2160 Dig.
949 2067 994 2138 de
1018 2067 1100 2164 adq.
1127 2087 1225 2164 poss.
1237 2064 1301 2160 41,
1328 2064 1363 2138 2.
1390 2067 1414 2139 l.
1437 2065 1573 2163 penult.
1587 2065 1636 2163 38)
1672 2077 1708 2138 ct
1746 2091 1821 2158 arg.
1853 2067 1933 2160 mg.
1966 2070 2017 2140 uti

297 2169 509 2270 0000111411,
538 2168 646 2243 17.1.
674 2167 862 2242 0111005.
889 2169 923 2268 g.
940 2165 975 2240 1.
991 2168 1051 2266 39).
1079 2211 1129 2224 --
1181 2171 1283 2262 Item,
1311 2171 1342 2240 si
1371 2168 1415 2240 dc
1441 2168 1666 2265 possessione
1693 2166 1938 2264 adipiscenda,
1965 2171 2017 2243 sic
2035 2194 2065 2246 15

298 2538 332 2592 et
348 2531 458 2591 Tener.
478 2547 511 2610 p.
523 2527 554 2592 1.
575 2527 620 2592 tit.
630 2525 681 2592 13.
702 2547 792 2591 vers.
829 2525 911 2590 item
933 2523 1120 2610 designare.
1189 2533 1225 2588 ut
1246 2521 1333 2588 inira
1354 2515 1441 2609 §.lu
1462 2523 1495 2589 in
1508 2521 1549 2610 1.)
1578 2521 1620 2589 Et
1639 2521 1797 2588 subinde:
1825 2521 1926 2587 altem
1948 2543 2015 2590 non

298 2629 405 2695 -Al
422 2629 525 2696 „vel”
541 2629 578 2692 Β.
593 2629 630 2694 P.
640 2630 667 2694 1.
682 2629 712 2693 1.
729 2628 768 2694 G.
965 2667 967 2672 ·
1190 2626 1332 2711 „patiorr
1352 2641 1433 2691 rcus
1456 2627 1618 2691 actionem
1644 2627 1678 2691 in
1701 2643 1791 2705 rem,
1821 2623 1850 2688 si
1871 2625 1956 2689 dieat
1975 2643 2015 2690 se

338 2730 397 2808 31)
439 2737 580 2812 speciem,
596 2754 658 2793 noo
675 2754 774 2810 penos
788 2737 868 2809 sipi.
911 2729 959 2792 lta
975 2729 1121 2793 scriben-
1191 2748 1277 2794 „non
1297 2727 1485 2812 possidere.
1506 2747 1639 2806 verum,
1669 2729 1699 2792 si
1719 2727 2016 2810 actorprobaverit

298 2833 374 2897 dum
404 2841 437 2896 ct
463 2833 527 2897 ista
550 2833 655 2897 verba
684 2854 758 2897 com
780 2831 801 2896 l.
817 2829 883 2897 16.
905 2827 982 2916 Dig.
1004 2831 1046 2894 de
1073 2831 1124 2894 rei
1191 2829 1302 2898 „illum
1330 2830 1527 2913 possidere,
1569 2829 1711 2912 patietur
1744 2826 1831 2892 hene
1858 2847 2013 2911 poenam,

297 2933 404 3013 vind,
419 2953 462 2997 cx
476 2953 543 3018 qua
557 2933 708 2998 desumto
723 2943 815 3012 sunt,
832 2931 929 2998 solito
944 2931 1122 2996 01010100-
1191 2932 1300 3017 „quod
1328 2931 1502 3015 possessio
1531 2931 1581 2994 rei
1608 2928 1729 3012 petitae
1757 2927 1953 2995 transfertur
1979 2930 2047 2994 in5

297 3034 407 3118 gendo
429 3053 508 3098 csse
529 3044 618 3117 puto.
663 3031 768 3098 Aliter
789 3035 921 3119 quidem
934 3032 972 3097 B.
1000 3032 1122 3096 PM.
1191 3055 1288 3099 „eum
1302 3049 1363 3117 per
1377 3033 1527 3098 iudicem.
1549 3041 1584 3095 ut
1597 3029 1730 3114 Dig.·de
1743 3029 1795 3092 rei
1809 3030 1933 3111 vindo,
1950 3031 1977 3096 l.
1991 3029 2013 3096 l.
2117 3045 2120 3052 ’

298 3155 385 3200 „non
400 3135 566 3217 speciem,
596 3139 657 3199 sed
679 3153 786 3217 genus
802 3135 974 3219 significat.
989 3135 1078 3218 quod
1093 3135 1123 3197 si
1192 3135 1245 3199 ein
1260 3133 1422 3198 rem.80.”
1466 3132 1535 3198 Sed
1557 3135 1636 3209 ista,
1664 3130 1744 3195 licet
1766 3131 1942 3217 antiquitus
1965 3135 2013 3199 io-

299 3245 422 3315 „essct⁵
439 3234 616 3320 designare
631 3256 697 3300 nou
707 3244 836 3320 posset.
852 3245 885 3299 ct
899 3234 953 3317 (P.
963 3233 1122 3316 l.„sed”)
1192 3246 1283 3300 serta
1298 3253 1377 3300 csse
1394 3235 1581 3315 videantur,
1597 3231 1660 3315 (cf.
1675 3237 1804 3296 Boram.
1819 3232 1863 3296 tit.
1879 3233 1910 3298 4.
1924 3233 1958 3297 in
1972 3232 2013 3317 1.)

298 3338 396 3423 „quia
416 3355 543 3422 genere
564 3356 631 3400 non
650 3345 791 3419 possunt
812 3335 918 3400 videri
941 3334 1031 3420 (Pe.
1054 3337 1122 3400 „iu-
1191 3358 1213 3402 a
1235 3339 1380 3422 genuino
1412 3347 1566 3401 contextu
1594 3335 1784 3418 separanda
1810 3343 1894 3398 sunt.
1936 3334 2013 3418 lpse

297 3441 459 3522 „diceri”)
474 3437 530 3504 vel
543 3439 663 3522 tangi.”
685 3446 718 3502 et
732 3435 850 3502 similit.
867 3436 907 3502 G.
924 3437 985 3503 sed
1001 3447 1075 3520 post
1089 3458 1119 3500 v.
1192 3440 1280 3504 enim
1288 3437 1403 3503 Pillius
1419 3437 1461 3500 de
1476 3436 1528 3502 his
1543 3435 2012 3519 omnibusmagisoonvenien-
2032 3449 2063 3498 10

297 3543 453 3626 „posset”
475 3539 573 3625 pluro
593 3559 658 3605 oms
702 3538 827 3604 Verum
851 3539 960 3623 piirns
982 3548 1122 3625 quatuor
1190 3551 1242 3606 ter
1256 3537 1321 3605 alio
1336 3539 1411 3604 loca
1427 3539 1614 3623 disputavit.
1644 3535 1716 3600 Vid.
1730 3535 1763 3600 h.
1778 3546 1861 3619 pert.
1877 3534 1965 3621 §.lo

295 3644 400 3710 verba
422 3645 600 3728 antiquitus
614 3640 732 3706 vitiose
754 3641 879 3726 scripta
900 3651 934 3706 et
953 3641 997 3705 ad
1012 3661 1053 3705 ea
1067 3659 1120 3704 rc·
1231 3640 1290 3724 33)
1333 3644 1401 3704 Deo
1416 3647 1455 3703 et.
1470 3636 1641 3704 B.-—Ab.
1656 3637 1729 3701 aP.
1739 3636 1767 3702 1.
1783 3637 1812 3702 2.
1829 3636 1868 3702 G.

295 3742 444 3810 iellcnde
464 3745 506 3810 ab
527 3742 592 3809 alio
613 3743 647 3808 in
668 3761 773 3828 marg.
791 3745 945 3827 apposita
972 3763 1051 3808 csse
1072 3743 1120 3808 vi·
1230 3741 1289 3825 34)
1331 3747 1500 3806 retineam.
1523 3737 1705 3806 Rs-At
1721 3736 1808 3806 „sm
1823 3739 2012 3804 retinendi.”
2067 3755 2071 3764 ·

297 3845 416 3912 dentur
430 3845 534 3912 haece
554 3845 661 3930 „quod
678 3845 708 3908 si
723 3853 832 3926 esset,
858 3845 1035 3929 designare
1052 3863 1120 3908 non
1188 3842 1227 3908 B.
1242 3879 1285 3892 —
1300 3842 1510 3908 „retinendi”
1526 3841 1565 3906 G.
1578 3878 1621 3890 -
1641 3840 1893 3906 „restituenda”
1908 3839 1982 3904 P.l.

298 3957 452 4028 „possem
480 3948 557 4033 quia
577 3965 704 4030 genera
724 3981 767 3994 -
784 3945 857 4009 -.'’
880 3948 1040 4010 Damasus
1061 3965 1119 4010 au·
1228 3943 1287 4028 35)
1329 3948 1405 4008 nens
1415 3939 1805 4025 possumne-Al.
1821 3959 1894 4005 nme
1908 3960 2012 4024 super
2030 3953 2060 4004 15

298 4055 363 4110 tem
381 4051 426 4114 tit
437 4049 469 4114 4.
493 4049 558 4114 ists
583 4046 771 4132 composuit
800 4046 834 4110 in
862 4044 950 4112 hunc
970 4046 1119 4112 modum:
1188 4046 1457 4130 „possessione”
1477 4043 1593 4108 PM.
1615 4077 1657 4090 -
1687 4062 1760 4108 „me
1773 4041 1808 4106 in
1821 4042 2012 4124 posscssio-

299 4167 521 4234 mangenas,
536 4149 597 4215 sed
613 4148 761 4235 speciem
776 4145 901 4232 siguli,
916 4147 1005 4232 quod
1020 4149 1050 4212 si
1065 4166 1119 4212 es-
1188 4148 1284 4213 „no”
1300 4145 1340 4212 G.

298 4256 383 4327 eset,
399 4248 525 4334 design.
540 4271 572 4314 a.
579 4259 708 4334 posset,
723 4261 757 4315 et
772 4253 849 4336 quia
863 4250 1119 4333 genera--t’
1229 4247 1291 4324 36)
1335 4247 1375 4312 G.
1388 4256 1422 4310 et
1434 4245 1552 4312 similit.
1568 4245 1605 4311 P.
1614 4245 1643 4309 1.
1655 4243 1747 4310 add:
1763 4244 1853 4312 nuel:
1873 4250 1928 4330 qui
1942 4264 2010 4310 non

338 4347 396 4430 31)
438 4347 1118 4419 Β.01ε101111>.1.1.θ.111.;»1110110
1188 4349 1284 4416 „sinit
1303 4367 1357 4412 me
1379 4348 1426 4412 uti
1444 4368 1519 4413 meo
1542 4347 1676 4414 arbitrio
1697 4347 1916 4430 possessione
1933 4346 2008 4414 talis

299 4450 397 4514 „dum
412 4458 465 4512 cst
478 4447 549 4531 hio,
575 4455 661 4535 qnod
677 4455 733 4539 qui
747 4453 843 4519 offert
857 4469 896 4516 sc
910 4447 1002 4518 iundi
1015 4451 1119 4516 vindi·
1188 4449 1258 4513 „rei
1273 4450 1354 4514 etc.”
1369 4485 1411 4496 -
1425 4449 1463 4514 P.
1471 4449 1502 4514 2.
1518 4449 1593 4514 adn.
1603 4449 1629 4514 1.
1645 4447 1720 4512 „vel
1734 4447 1949 4532 quandonon
1962 4448 2007 4514 si·
2024 4463 2058 4516 2⁰

298 4549 440 4616 »00110οἱ
460 4548 515 4614 vel
533 4547 668 4617 donus
683 4556 750 4637 rei,
766 4571 974 4641 quocumque
990 4552 1118 4618 actione
1188 4553 1263 4615 nuit.
1277 4561 1313 4615 ut
1327 4549 1402 4636 Dig.
1417 4551 1460 4615 de
1475 4547 1760 4627 viennense,
1777 4547 1826 4614 ld.
1840 4547 1863 4613 l.
1878 4547 2007 4615 010110-

298 4651 392 4716 „sine
407 4670 511 4716 eausa
526 4654 758 4736 conveniatur,
785 4677 860 4723 com
874 4674 941 4720 non
955 4653 1117 4737 possidet,
1186 4652 1260 4718 neit.
1276 4652 1345 4718 ll.''

298 4751 534 4818 „damnabitun
549 4761 585 4815 ut
598 4749 673 4834 Dig.
696 4756 738 4818 de
757 4758 805 4820 rei
819 4754 945 4836 vindd,
962 4754 990 4818 1.
1005 4753 1027 4819 l.
1043 4754 1072 4818 si
1086 4754 1116 4818 is
1227 4751 1287 4836 37)
1331 4751 1382 4818 Gi.
1399 4753 1506 4818 Glose.
1520 4754 1558 4829 iu
1569 4775 1600 4820 v.
1614 4752 1679 4818 vim
1694 4749 1783 4817 l'aeit.
1807 4773 1897 4820 vers.
1912 4763 2007 4818 extra

298 4855 384 4939 equi.
399 4853 449 4918 7.”
465 4851 534 4936 (Os.
549 4862 612 4917 not
623 4851 653 4916 9.
669 4852 712 4916 ad
727 4853 844 4920 Taucr.
860 4856 978 4938 parti.
997 4854 1116 4936 11121.)
1184 4854 1355 4920 materiam
1369 4864 1422 4920 est
1435 4854 1520 4922 hace
1534 4853 1591 4920 lex
1604 4863 1665 4918 eto.

225 5013 229 5024 ,
298 4954 439 5040 „etDig.
461 4954 503 5018 de
525 4964 590 5036 pet.
612 4952 1116 5039 hereo.5‚3.1.quise.4svet
1225 4954 1285 5037 38)
1328 4953 1376 5021 Ci.
1396 4958 1502 5022 eoae.
1517 4957 1594 5022 inv.
1609 4951 1818 5020 mamlostum
1833 4965 1893 5021 est.
2023 4970 2054 5022 25

297 5057 362 5122 „ad
379 5056 544 5122 interesse
565 5055 705 5132 actoris,
733 5065 769 5119 ut
792 5064 928 5120 cavetur
947 5056 981 5122 ia
1002 5059 1074 5122 ead.
1092 5057 1114 5121 l.
1225 5053 1286 5134 39)
1328 5058 1367 5137 ,1.
1381 5064 1413 5124 2.
1442 5059 1491 5123 lta
1514 5056 1646 5142 quidem
1667 5055 1829 5122 interdum
1843 5054 2005 5141 allegatur

297 5156 373 5241 »qui
388 5156 515 5239 soliti,
542 5157 599 5225 vel
611 5155 715 5238 sorte,
746 5155 857 5244 quanti
870 5165 964 5220 actor
978 5158 1011 5222 in
1025 5157 1113 5222 litem
1183 5154 1334 5224 hodiem.
1351 5158 1381 5244 ἓ.
1390 5161 1420 5222 7.
1439 5158 1507 5224 Sed
1524 5154 1565 5223 01.
1579 5157 1725 5224 hodiem.
1741 5155 1772 5242 §.
1787 5157 1817 5220 2.
1832 5167 1952 5242 etseq.

297 5259 482 5326 „iuraverit
527 5257 596 5326 Sed
618 5259 843 5346 distinguitur,
863 5292 904 5304 -
918 5256 979 5300 -”
1008 5257 1116 5343 (reliq.

1779 5408 1805 5481 2
