4824 5968
388 583 433 652 sa
531 581 918 652 ennaeoraaueor.
949 579 1033 648 na.
1075 577 1506 668 memma.
1548 577 1970 668 macrensem.)

390 775 474 850 eccl.
500 775 592 846 caui.
611 769 648 864 1,
664 768 843 845 121011.
857 769 895 846 6.
911 769 961 872 (S.
978 771 1030 864 1.)
1045 783 1081 844 et
1098 774 1134 842 in
1151 770 1258 844 Antb.
1275 771 1320 844 de
1336 771 1506 844 exbibet
1525 771 1655 844 mund.
1670 775 1749 844 reis.
1766 772 1878 866 (Noa.
1889 767 1952 842 55.
1978 799 2008 845 e.
2024 771 2062 844 4.
2077 773 2113 871 S

390 877 440 974 l.)
468 917 517 930 -
571 879 667 948 llaec
692 885 807 946 autem
834 872 1013 948 distinctio
1041 873 1123 946 mibi
1147 900 1217 946 non
1245 874 1380 972 placet,
1408 901 1474 946 nec
1501 887 1556 947 est
1583 873 1816 973 approbanda
1841 872 1970 948 indicio
1997 899 2089 948 mco.

492 982 579 1052 ltom
613 980 794 1048 consuerit
823 975 881 1050 bic
915 979 1059 1075 quaeri,
1103 1003 1148 1046 an
1181 979 1307 1048 missus
1342 979 1380 1048 in
1404 978 1666 1075 possessionem
1701 1000 1805 1048 cansa
1837 977 2032 1048 servandae
2063 979 2114 1048 rei

389 1093 537 1182 propter
564 1081 817 1153 contumaciam
842 1077 1020 1170 absentis,
1064 1078 1125 1150 lite
1150 1103 1221 1148 non
1250 1089 1448 1152 contestata
1473 1104 1539 1152 nec
1563 1076 1683 1151 debito
1710 1077 1870 1175 liquido,
1917 1081 2030 1175 possit
2050 1081 2114 1150 im·

355 1199 529 1286 spetrare
553 1181 815 1282 possessionem
840 1207 886 1254 cx
911 1180 1065 1254 0000010
1091 1180 1260 1253 decreto?
1311 1183 1401 1252 ltcm
1427 1207 1485 1272 an,
1510 1183 1540 1252 si
1569 1206 1653 1253 rens
1680 1181 1794 1252 mnlto
1819 1191 1982 1277 ternpore
2007 1185 2113 1253 exsti·

388 1291 471 1360 terit
491 1291 525 1358 in
552 1309 616 1358 sua
644 1283 881 1374 contumacia,
924 1296 962 1355 et
999 1282 1088 1354 nolit
1121 1285 1241 1354 venire
1272 1293 1308 1353 et
1343 1283 1509 1356 iudicium
1535 1284 1738 1379 suscipere,
1781 1279 1908 1354 debeat
1932 1281 2035 1354 iudex
2061 1286 2114 1354 in·

387 1390 474 1462 bere
499 1415 571 1461 rem
597 1385 743 1459 distrahi
769 1397 876 1458 etex
904 1387 1018 1482 pretio
1043 1386 1156 1456 actori
1183 1383 1370 1456 satisfieri?
1422 1385 1552 1484 Resp,
1579 1411 1650 1456 non
1680 1385 1807 1476 credo,
1833 1383 1897 1456 sed
1924 1383 2116 1456 lucrabitur

388 1496 527 1564 l'ructns
541 1492 606 1580 rei,
618 1500 768 1586 propter
784 1489 1039 1560 contumaciam
1056 1486 1230 1582 fugientis.
1246 1498 1285 1558 nt
1298 1511 1373 1581 arg.
1387 1485 1467 1582 [lig.
1479 1513 1525 1560 ex
1540 1485 1640 1586 quib.
1656 1513 1749 1560 caus.
1767 1490 1805 1558 iu
1818 1511 1915 1584 poss.
1929 1501 2040 1560 eatur.
2050 1483 2116 1578 42,

389 1594 425 1666 1.
443 1595 466 1666 l.
483 1593 674 1666 Fulcinius.
691 1588 726 1660 7.
741 1587 777 1688 5.
792 1589 858 1661 ult.
893 1587 965 1660 Sed
979 1588 1080 1686 qnid,
1107 1591 1138 1660 si
1157 1591 1277 1661 cessit
1294 1588 1390 1680 talis,
1408 1616 1451 1662 ex
1467 1614 1539 1688 qua
1557 1591 1697 1661 bnans
1716 1614 1788 1661 non
1805 1587 1992 1686 provenit?
2018 1592 2115 1679 item,

340 1728 373 1781 ιο
389 1696 492 1796 qnid,
522 1697 551 1764 si
580 1717 647 1764 usu
673 1693 913 1783 consumitur,
939 1691 996 1762 vel
1022 1716 1094 1764 non
1121 1691 1253 1763 utendo
1278 1692 1371 1788 perit
1397 1705 1433 1764 et
1458 1691 1633 1764 servando
1660 1693 1794 1764 servari
1821 1715 1893 1763 nnn
1918 1690 2060 1786 possiti

288 1809 384 1914 359,
490 1797 525 1894 g
547 1795 579 1892 ¹)
629 1795 770 1866 Dictum
796 1805 872 1884 est,
914 1793 999 1890 quid
1020 1795 1105 1864 iuris
1132 1795 1199 1884 sit,
1241 1794 1270 1863 si
1302 1791 1406 1865 abest
1437 1819 1520 1865 rcus
1551 1805 1634 1865 ante
1668 1794 1763 1865 litem
1798 1804 2029 1866 contestatam
2058 1793 2116 1864 vel

386 1912 470 2000 post
495 1899 592 1970 litem
622 1905 866 1968 contestatam.
913 1896 1015 1966 Nunc
1041 1895 1221 1967 videamus
1245 1894 1291 1966 de
1316 1911 1449 1967 actore.
1469 1935 1517 1951 -
1569 1895 1609 1966 Si
1635 1896 1775 1993 quidem
1802 1907 1903 1968 actor
1926 1895 1986 1967 lite
2015 1893 2116 1966 abest

386 2012 602 2091 contestata,
646 2010 687 2069 nt
711 2023 790 2070 rcus
815 1996 1002 2094 multiplici
1030 1996 1198 2069 dilatione
1223 1996 1413 2092 fatigetur,
1456 2008 1492 2069 et
1527 2010 1672 2070 ventum
1707 2000 1753 2068 sit
1776 1999 1848 2069 iam
1871 2021 1988 2094 prope
2012 1996 2115 2068 linem

387 2105 545 2193 triennii,
572 2111 659 2199 puta
684 2098 789 2172 bodie
815 2123 928 2197 prope
954 2099 1058 2171 linem
1085 2100 1242 2190 termini,
1276 2123 1348 2196 qno
1375 2099 1507 2170 indices
1534 2111 1700 2173 tenentur
1720 2123 1844 2172 causas
1870 2099 2032 2171 dirimere
2059 2123 2115 2170 sc·

339 2227 371 2276 15
389 2205 540 2282 cundum
566 2204 679 2274 varias
704 2201 974 2276 consuetudines
1001 2203 1180 2274 civitatum
1215 2211 1251 2273 et
1275 2201 1459 2293 locorum,
1497 2227 1559 2274 reo
1592 2203 1800 2301 postulante
1831 2199 1977 2274 debebit
2009 2201 2117 2272 index

387 2308 490 2379 luidis
517 2305 698 2377 absentem
723 2306 834 2377 citare
857 2301 971 2374 tribus
996 2302 1141 2396 edictis,
1184 2303 1241 2376 vel
1272 2329 1345 2374 uno
1372 2329 1439 2401 pro
1467 2303 1632 2376 omnibns
1651 2303 1705 2403 ²),
1751 2331 1818 2403 per
1841 2303 2027 2376 intervalla
2053 2305 2116 2373 tri·

388 2405 483 2502 ginta
510 2408 664 2498 dicrum,
705 2417 747 2478 ut
779 2429 888 2503 supra
922 2407 1098 2477 invenitur
1122 2406 1323 2501 expositum
1342 2407 1394 2498 ³),
1436 2417 1473 2477 et
1501 2406 1646 2479 linietur
1675 2431 1779 2478 cansa
1804 2407 1898 2478 iufra
1926 2431 2056 2477 annum
2082 2416 2118 2475 ct

388 2527 461 2584 tres
489 2534 645 2600 menses,
682 2509 741 2581 vel
773 2507 863 2579 in'l'ra
896 2505 1039 2578 brevius
1069 2518 1211 2604 tempus
1243 2531 1309 2604 pro
1336 2506 1500 2579 locorum
1528 2508 1781 2582 consuetudine
1798 2510 1843 2606 ¹).
1869 2511 1948 2598 Qun
1975 2510 2027 2580 sic
2052 2533 2117 2579 vo·

388 2626 468 2686 cato
494 2623 531 2684 et
551 2635 623 2684 non
644 2611 807 2682 veniente
827 2608 947 2680 audiet
982 2607 1088 2680 iudex
1115 2607 1346 2702 allegationes
1379 2611 1429 2681 rei
1457 2613 1674 2705 praesentis,
1715 2625 1751 2682 et
1778 2612 1944 2708 inquisita
1972 2611 2117 2681 veritate

338 2743 372 2794 ro
389 2715 578 2808 legitimam
606 2711 738 2808 poterit
763 2711 856 2782 ferre
879 2712 1107 2802 senteutiam,
1148 2711 1283 2783 scilicet
1307 2711 1530 2782 diffinitivam
1550 2715 1605 2804 ⁵),
1646 2716 1677 2783 si
1705 2715 1737 2785 ei
1762 2711 1897 2809 liqueat
1922 2710 1967 2781 de
1996 2735 2116 2800 cansa,

389 2818 545 2916 alioquin
566 2815 768 2908 legitimam,
795 2811 830 2883 id
857 2824 913 2882 est
938 2812 1251 2904 interlocutoriam,
1279 2812 1386 2884 latam
1411 2838 1520 2911 super
1544 2817 1713 2912 expensis
1739 2812 1964 2884 restituendis
1991 2825 2027 2884 et
2054 2810 2116 2882 ab·

388 2919 563 2992 solutione
599 2913 854 2989 observationis
885 2912 1003 2987 indicii
1035 2926 1071 2986 et
1104 2915 1323 3006 cautionum,
1367 2938 1458 3014 qnae
1485 2914 1677 2987 secundnm
1706 2915 1802 3009 leges
1832 2916 1933 2986 liunt.
1962 2927 2003 2986 ut
2029 2913 2117 2987 Cod.

388 3014 585 3110 101015,
612 3013 646 3088 1.
674 3017 698 3088 l.
723 3014 997 3114 properandum.
1019 3013 1080 3089 15.
1107 3013 1331 3115 (59.)1)-
1383 3019 1431 3088 Et
1456 3015 1543 3088 baec
1568 3017 1688 3090 locum
1712 3015 1858 3108 babent,
1887 3017 1955 3088 etsi
1977 3017 2020 3088 lis
2046 3043 2118 3089 non

390 3126 435 3196 sit
459 3129 663 3196 contestata.
715 3117 870 3214 Collige,
899 3119 996 3217 quod
1024 3119 1129 3190 index
1156 3129 1273 3215 potest
1299 3118 1392 3191 serre
1416 3118 1635 3192 diffinitivam
1654 3121 1687 3218 ⁷)
1720 3121 1927 3192 sentenb'nm
1952 3144 2026 3191 non
2052 3117 2117 3191 ob·

340 3247 373 3298 25
390 3237 517 3317 stante,
544 3221 639 3322 quod
666 3220 711 3292 lis
736 3246 808 3293 nou
835 3221 881 3292 sit
908 3233 1117 3311 contestata,
1145 3231 1181 3292 ct
1205 3218 1272 3292 boc
1299 3233 1448 3318 propter
1475 3223 1724 3295 contumaciam
1751 3219 1925 3313 absentis,
1952 3223 2117 3319 qnoniam

391 3327 607 3400 contumacia
640 3320 792 3396 babetur
830 3348 898 3419 pro
935 3325 1142 3419 praesentia.
1181 3333 1223 3392 nt
1252 3346 1326 3417 arg.
1358 3327 1393 3394 in
1420 3319 1529 3394 Antb.
1563 3337 1602 3394 nt
1630 3350 1752 3396 omnes
1789 3321 1893 3394 obed.
1924 3320 1960 3420 ἕ.
1994 3326 2025 3394 si
2053 3327 2117 3414 igi-

391 3443 461 3499 tur.
515 3425 629 3524 (Noa.
649 3421 711 3498 69.
743 3421 831 3499 cd.
858 3422 895 3496 5.
923 3421 1000 3521 pr.)
1037 3437 1073 3495 et
1106 3449 1180 3518 arg.
1206 3424 1295 3496 Cod.
1328 3422 1390 3495 ubi
1416 3426 1450 3494 in
1481 3449 1556 3495 rem
1582 3437 1649 3495 act.
1670 3423 1716 3517 5,
1743 3420 1802 3495 19.
1828 3424 1852 3495 l.
1874 3421 1907 3495 1.
1925 3427 1957 3515 ¹¹)
1983 3436 2018 3495 et
2044 3449 2118 3514 arg.

391 3530 478 3602 Cod.
499 3528 561 3601 ubi
582 3529 663 3627 qnis
687 3526 732 3600 de
752 3526 883 3600 curiali.
903 3526 935 3624 9)
952 3523 991 3618 5,
1004 3522 1066 3597 95.
1093 3525 1203 3598 lult.
1221 3527 1269 3618 ¹⁰)
1321 3525 1392 3598 Sed
1416 3526 1559 3624 quidam
1580 3538 1744 3597 asserunt
1769 3527 1805 3595 in
1825 3527 2038 3598 contrarium
2056 3523 2117 3619 ¹¹),

390 3634 611 3727 assignantes
635 3630 672 3701 in
697 3628 752 3700 bis
778 3628 915 3721 legibus
941 3627 1210 3723 specialitatem:
1247 3626 1375 3727 quibus
1402 3630 1512 3722 magis
1540 3630 1709 3700 assentio.
1734 3667 1785 3682 -
1837 3625 1907 3699 Sed
1935 3637 2034 3697 actor
2063 3627 2117 3696 in·

342 3749 375 3802 ao
394 3747 447 3806 tra
475 3758 604 3806 annum
633 3732 777 3804 veniens
804 3755 875 3802 nou
900 3729 1086 3822 audietur,
1124 3730 1190 3801 nisi
1217 3734 1319 3826 prius
1345 3729 1519 3827 impendia
1544 3729 1637 3821 litis,
1674 3755 1767 3827 quae
1794 3753 1876 3801 reus
1900 3727 2037 3818 lecerit,
2065 3730 2118 3796 in-

390 3838 492 3909 ierat.
519 3877 570 3894 -
622 3835 667 3906 Et
697 3833 727 3904 si
759 3843 842 3931 post
876 3830 963 3906 baec
995 3834 1111 3904 omnia
1144 3833 1196 3903 sic
1230 3843 1372 3929 peracta
1417 3844 1454 3905 et
1487 3830 1676 3904 observata
1711 3833 1839 3903 iterum
1874 3829 2118 3903 eremodicinrn

392 3937 624 4028 commiserit,
662 3935 742 4033 ipso
776 3937 853 4006 iure
881 3932 998 4031 perdit
1029 3937 1201 4008 audonem
1235 3945 1271 4006 et
1303 3931 1466 4006 cadit-ab
1498 3960 1549 4006 ca.
1584 3946 1623 4008 ut
1648 3935 1685 4005 iu
1707 3931 1817 4005 anah.
1845 3931 1890 4004 de
1916 3931 2057 4025 litigios.
2083 3927 2119 4028 ἓ.

393 4063 529 4112 ornnem
556 4063 651 4110 vero.
678 4036 769 4110 colt
783 4033 819 4108 8.
844 4035 951 4134 (Noe.
970 4032 1052 4108 ll9.
1080 4063 1110 4109 e.
1121 4033 1159 4107 5.
1185 4035 1222 4135 §-
1238 4033 1292 4135 Β.)
1308 4035 1356 4135 ¹²)

437 4222 472 4305 1)
516 4219 554 4286 B.
564 4219 745 4286 inscusDe
758 4229 872 4288 actore
886 4183 1025 4286 absente
1039 4231 1116 4304 pust
1129 4220 1219 4286 litem
1332 4218 1372 4304 8)
1416 4225 1435 4282 t.
1453 4225 1480 4286 1.
1519 4217 1833 4285 1001119101).
1862 4227 2037 4302 „tanquam
2063 4214 2121 4281 lite

395 4306 665 4374 „contestatam”
680 4343 721 4353 -
736 4303 771 4370 Ρ.
786 4305 902 4381 „Quod
918 4309 961 4372 sit
974 4303 1122 4370 officium
1137 4305 1222 4370 iudi·
1290 4337 1353 4370 s-
1368 4306 1581 4370 contestata.”
1609 4301 1661 4370 Cl.
1680 4305 1784 4367 Gloss.
1806 4302 1849 4367 ad
1868 4302 1951 4368 Nor.
1965 4299 2017 4366 69.
2044 4321 2071 4364 e.
2089 4301 2120 4364 9.

397 4395 466 4460 „cis
482 4402 618 4458 auctore
633 4409 700 4456 nou
713 4391 895 4456 veniente.”
1290 4410 1340 4539 pr.
1356 4393 1390 4456 in
1403 4410 1435 4456 v.
1452 4394 1481 4456 si
1496 4411 1587 4457 vero.
1600 4407 1691 4456 vers.
1707 4389 1785 4454 item
1799 4397 1864 4452 not
1880 4385 1971 4474 quod
1986 4385 2018 4450 1ι.
2032 4385 2120 4450 nuth.

1309 4477 1382 4542 ecit.

435 4477 476 4550 9)
523 4474 563 4542 G.
579 4476 655 4542 sdd.
671 4477 922 4626 „peremtoria”
1626 4567 1631 4578 .
1669 4566 1674 4578 Ι
1724 4559 1732 4576 ι
2063 4555 2069 4570 ·
2103 4556 2121 4582 „

706 4559 763 4650 ..§
779 4561 828 4628 19.
1338 4559 1375 4644 9)
1418 4583 1450 4624 a.
1466 4584 1495 4644 q.
1510 4566 1548 4624 de
1563 4563 1681 4622 uenale.
1697 4557 1755 4624 Sto
1770 4556 1811 4623 G.
1827 4579 1879 4624 su.
1896 4577 1926 4642 q.
1943 4557 1985 4620 de
2001 4575 2112 4634 curru.

361 4581 376 4630 5
435 4561 474 4646 3)
518 4558 669 4648 etpau.

437 4645 477 4723 1)
521 4641 736 4712 Clonus.
753 4649 820 4711 coll.
837 4643 866 4732 Β
881 4643 933 4712 36.
948 4664 1024 4730 pag.
1039 4643 1090 4708 25.
1112 4647 1223 4724 lioper.
1293 4681 1334 4694 -
1356 4642 1410 4710 Al.
1435 4666 1486 4711 su.
1511 4666 1542 4731 q.
1565 4645 1607 4708 de
1630 4665 1670 4709 co
1693 4645 1847 4708 artatur.'’
1869 4639 1908 4706 Β.
1945 4677 1980 4686 -
2018 4661 2068 4704 sn.
2092 4660 2121 4725 q.

395 4731 428 4820 §.
443 4729 473 4796 6.
489 4751 563 4816 pag.
579 4731 630 4798 76.
647 4733 794 4812 Huyattn.
810 4727 840 4816 §.
854 4727 906 4796 93.
921 4749 998 4816 pag.
1012 4725 1085 4794 331.
1293 4729 1566 4795 „decorticatae”
1582 4727 1618 4791 P.

437 4815 474 4899 5)
517 4820 682 4896 leqtttmum
704 4851 746 4864 -
769 4851 809 4861 -
833 4813 1149 4898 19101ιέ00011-
1170 4811 1223 4878 Al.
1336 4813 1396 4896 19)
1440 4815 1545 4877 Gloss.
1563 4814 1596 4877 iu
1612 4835 1641 4877 v.
1658 4813 1863 4877 sententiam.
1887 4844 1948 4873 0-
1968 4807 2056 4873 falsu
2071 4819 2122 4870 est

398 4901 559 4986 „legitlme
581 4901 702 4986 poterit
723 4897 812 4966 lerre
835 4909 918 4964 sent.
938 4919 987 4963 so.
1010 4896 1094 4962 did?
1118 4896 1159 4964 G.
1183 4935 1224 4946 -
1293 4908 1408 4977 suom,
1437 4917 1536 4984 quarn
1550 4900 1685 4984 qnidam
1700 4897 1753 4962 hic
1766 4894 1909 4976 laniunt,
1940 4895 2030 4980 qnod
2044 4911 2121 4956 sen-

345 5007 379 5059 to
395 4987 533 5071 apoterit
547 4987 647 5052 iudex
661 4985 727 5052 1111.
741 4983 830 5052 larre
845 4983 950 5048 seut.”
965 4979 1003 5047 B.
1292 4985 1415 5052 „tentia
1429 4993 1505 5050 aute
1519 4981 1608 5050 litem
1624 4992 1711 5050 cont.
1725 4980 1860 5046 fertur.”

437 5069 478 5148 6)
522 5069 572 5136 Cl.
588 5073 735 5150 diospolin.
755 5075 792 5134 Β.
808 5071 847 5133 Β.
864 5065 894 5154 §.
912 5066 982 5131 101.
999 5085 1075 5152 pag.
1094 5067 1166 5134 337.
1337 5070 1393 5152 ll)
1437 5065 1487 5134 Cf.
1503 5071 1649 5149 Hugols'u.
1665 5071 1708 5130 Ι).
1724 5070 1764 5130 11.
1779 5064 1812 5152 §.
1826 5065 1900 5130 337.
1914 5082 1992 5148 pag.
2007 5062 2080 5128 482.

441 5157 480 5230 7)
523 5149 1224 5240 1111190011).(ηἰιι1ἱΒῖιιίῑίναιιι.”ῦ.)-
1337 5154 1394 5304 12)
1437 5153 1476 5219 Β.
1493 5153 1618 5254 „Finito
1642 5149 1756 5216 libello
1781 5149 1965 5216 secundum
1987 5147 2122 5232 pillium.

398 5241 437 5306 B.
454 5261 517 5305 om.
1295 5237 1363 5304 „Re
1379 5259 1513 5304 cramus
1529 5257 1588 5322 gra
1605 5237 1669 5302 deo
1692 5237 1873 5302 secundnm
1888 5233 2081 5299 medeam?

1064 5429 1449 5454 *—
