4786 5962
1401 483 1407 494 ι

823 509 891 595 (De
905 511 1115 577 iureiurando
1130 511 1173 577 de
1188 510 1362 579 calumnia.
1392 509 1421 598 §.
1438 511 1484 596 1.)
1975 512 2017 576 47

289 714 366 778 tota
392 726 510 795 causa,
537 701 604 772 nisi
627 723 733 798 quam
759 726 826 797 pro
852 702 1000 774 veritate
1027 699 1095 772 sibi
1121 701 1308 774 crediderit
1328 702 1361 800 ⁰)
1390 700 1621 776 necessariam
1647 711 1683 774 et
1709 700 1952 797 profuturam,
1979 713 2015 774 et

290 832 355 878 uec
378 802 520 876 iuducet
545 800 791 900 probationem
818 829 883 901 per
907 801 1118 897 falsitatem,
1159 804 1243 874 item
1269 805 1367 904 quod
1393 803 1478 876 nibil
1505 800 1613 884 iudici
1640 813 1787 900 propter
1817 801 1906 874 banc
1932 827 2013 875 cau·

290 933 365 980 sam
383 905 431 1004 ¹⁰)
454 904 552 978 dedit
578 904 633 976 vcl
662 906 844 1002 promisit,
887 914 949 976 aut
987 903 1087 977 dabit
1119 903 1177 977 vcl
1209 908 1394 1002 promittet
1422 909 1456 977 in
1496 907 1671 996 futurum,
1713 930 1777 1003 per
1802 930 1840 976 se
1866 904 1922 976 vel
1948 930 2013 1002 per

290 1010 416 1102 alium,
449 1008 605 1104 exceptis
633 1005 707 1098 bis,
742 1033 833 1104 quae
859 1006 955 1102 leges
982 1005 1067 1079 dare
1091 1006 1310 1104 permittunt.
1332 1049 1383 1062 -
1432 1006 1567 1080 Iurabit
1593 1032 1695 1101 rcus,
1731 1006 1830 1103 quod
1849 1007 2013 1106 petitioni

289 1112 419 1184 actoris
456 1134 527 1181 nou
561 1107 770 1182 contradicit
803 1122 953 1208 propter
984 1109 1214 1203 calumniam,
1256 1109 1319 1182 scd
1362 1109 1443 1184 ideo
1480 1110 1525 1181 ad
1560 1107 1868 1182 contradicendum
1902 1111 2044 1201 venit,5

289 1214 377 1313 quia'
396 1221 501 1310 putat
529 1235 569 1282 sc
595 1208 690 1281 bona
715 1211 882 1283 instantia
908 1212 960 1282 uti
985 1210 1173 1284 secuudum
1200 1213 1374 1285 rationem
1400 1210 1456 1284 vel
1482 1212 1710 1283 constitutum
1736 1221 1798 1282 aut
1823 1222 2011 1284 consuctu-

288 1315 403 1386 dincm
428 1311 523 1384 illius
546 1311 634 1406 loci,
659 1323 695 1384 ct
721 1312 788 1384 alia
816 1315 931 1412 omnia
957 1310 1100 1405 iurabit,
1127 1337 1218 1412 quae
1246 1326 1347 1387 actor
1379 1338 1445 1411 per
1470 1313 1620 1408 singula.
1644 1353 1696 1366 -
1746 1313 1837 1384 Item
1861 1319 2012 1412 uterque

288 1415 500 1514 quandoque
530 1415 626 1486 iurat
658 1439 697 1486 sc
730 1425 899 1493 venturos
934 1427 1015 1487 aute
1046 1413 1194 1487 iudicem
1229 1415 1272 1487 ad
1308 1419 1477 1488 terminos
1506 1413 1855 1504 sibidatos11).-·
1907 1415 2011 1505 Quod

288 1531 388 1590 actor
414 1529 449 1589 et
474 1541 555 1590 rcus
581 1513 756 1610 debeant,
799 1531 840 1589 ut
867 1517 1098 1610 dictumest,
1134 1515 1178 1590 da
1203 1517 1378 1590 calumnia
1402 1519 1537 1611 iurare,
1578 1516 1757 1610 colligitur
1781 1516 1817 1586 iu
1843 1515 1952 1588 Autb.
1972 1529 2013 1590 ut

287 1620 435 1713 litigant.
462 1619 528 1690 iur.
554 1617 636 1691 coll.
661 1613 696 1689 9.
725 1620 832 1706 (Nov.
863 1617 948 1692 124.
976 1645 1005 1690 c.
1033 1615 1082 1710 1.)
1110 1629 1147 1690 et
1174 1620 1210 1690 in
1233 1618 1343 1694 Autb.
1373 1619 1419 1694 dc
1454 1618 1509 1691 bis
1540 1620 1600 1719 qui
1634 1619 1769 1711 ingrcd.
1807 1616 1854 1687 ad
1877 1619 2061 1716 appellen

287 1722 368 1796 coll.
391 1717 427 1792 5.
454 1717 562 1818 (Nor.
587 1716 648 1792 49.
678 1746 708 1792 c.
732 1718 786 1820 5.)
839 1723 885 1793 Et
911 1718 1060 1792 babetur
1090 1719 1158 1792 boc
1190 1721 1226 1791 iu
1259 1721 1414 1817 generali
1448 1720 1704 1794 cousuetudine
1738 1719 1908 1813 iudicum,
1949 1722 2011 1819 qui

285 1823 364 1895 lites
391 1823 560 1894 dirimunt
585 1833 621 1894 ct
646 1847 770 1895 causas
798 1823 986 1895 diffiniunt
1011 1863 1064 1877 -
1109 1821 1180 1895 Sed
1254 1825 1385 1897 omodo
1410 1821 1647 1924 praestabitur
1671 1832 1927 1894 sacramentum
1946 1836 2010 1895 'ca-

286 1926 438 1998 lumniae
464 1925 499 1993 in
526 1922 726 2020 duplicibus
760 1925 922 1997 iudiciis?
974 1926 1101 2022 llcsp.,
1143 1849 1273 1998 instilla
1307 1936 1408 1999 actor
1438 1937 1693 2000 sacramentum
1727 1925 1857 1996 actoris
1885 1927 2010 2016 atrei,

285 2041 322 2100 et
347 2053 427 2099 rcus
454 2038 708 2099 sacramentnm
733 2029 785 2100 rei
811 2037 847 2100 et
869 2028 1010 2100 actoris.
1028 2025 1077 2126 12)
1109 2039 1150 2099 ut
1176 2028 1258 2123 Ilig.
1289 2029 1371 2100 lam.
1401 2023 1605 2120 ercisc.10,
1633 2025 1670 2098 1.
1697 2025 1721 2096 l
1746 2027 1839 2098 inter
1867 2025 2010 2100 cobere·

285 2130 360 2202 des.
374 2125 440 2198 44.
465 2125 500 2226 ὅ.
526 2128 589 2225 qui
616 2127 777 2202 familiae.
795 2128 832 2200 4.
2028 2157 2060 2210 15

150 2240 157 2258 ⁸
387 2227 457 2302 Sed
484 2228 539 2302 bic
561 2231 684 2327 quaeri
711 2233 914 2324 consucvit,
956 2233 1035 2329 quis
1066 2232 1183 2329 primo
1217 2233 1331 2308 imore
1363 2228 1491 2304 debeat
1518 2229 1563 2302 dc
1590 2229 1764 2302 calumnia
1795 2229 1889 2304 inter
1913 2241 2011 2302 acto·

284 2359 357 2404 rem
385 2343 421 2402 et
446 2331 626 2429 reum¹³)l
676 2332 808 2430 Resp,
833 2344 931 2405 actor
957 2336 1055 2430 prius
1083 2331 1235 2425 iurabit,
1263 2335 1354 2405 sicut
1378 2332 1564 2406 manifeste
1590 2332 1769 2425 colligitur
1794 2341 1830 2403 et
1857 2329 2010 2404 babetur

283 2437 320 2504 in
358 2433 446 2505 Cod.
490 2433 535 2504 de
572 2435 716 2506 iureiur.
756 2448 875 2532 propt.
909 2434 974 2507 cal.
995 2431 1033 2528 1,
1059 2431 1120 2506 59.
1155 2436 1179 2507 l.
1201 2431 1235 2506 1.
1267 2437 1304 2506 1ιι
1337 2460 1392 2533 pr.
1423 2435 1508 2507 licet
1542 2434 1629 2506 last.
1667 2435 1711 2506 de
1736 2458 1850 2532 poena
1879 2445 2010 2505 temere

286 2537 375 2630 litig.
391 2535 430 2627 4,
459 2531 518 2638 16.
549 2535 584 2636 ἕ.
606 2532 639 2607 I.
672 2539 723 2609 rei
755 2549 1010 2610 sacramentum
1045 2539 1160 2634 primo
1197 2549 1371 2634 ponatur,
1409 2547 1445 2610 et
1470 2535 1557 2608 God.
1583 2562 1613 2608 e.
1639 2547 1665 2608 t.
1691 2535 1715 2606 l.
1739 2533 1772 2608 I.
1788 2535 1834 2628 ¹⁴)
1863 2560 1945 2605 uam
1973 2546 2009 2606 et

284 2641 320 2709 in
345 2638 601 2712 constitutione
627 2639 701 2711 sive
726 2640 910 2736 prooemio
939 2640 1077 2732 lligasti
1108 2641 1237 2713 veleris
1266 2641 1428 2712 domiuus
1455 2639 1668 2728 lastinianus
1702 2636 1746 2709 ad
1772 2636 2006 2708 narrationem
2024 2663 2058 2712 ao

264 2741 340 2814 ‚sui
365 2740 485 2838 operis
514 2743 744 2813 consummati
769 2753 805 2815 ct
830 2741 940 2814 totius
967 2739 1206 2838 reipublicae
1232 2743 1424 2814 sanctionis
1451 2750 1624 2838 purgatae
1656 2751 1761 2838 atque
1787 2739 2007 2836 compositae
2092 2777 2093 2782 ι
2242 2817 2247 2825 ,

283 2843 380 2940 prius
410 2853 643 2914 connumerat
668 2853 704 2915 et
730 2845 940 2916 mentionem
968 2841 1052 2915 lacit
1076 2842 1161 2915 libri
1186 2845 1465 2936 Institutionum,
1491 2840 1858 2936 deindclligestorum
1885 2850 1921 2912 et
1936 2841 2006 2911 Co·

284 2943 369 3015 dicis
397 2945 500 3016 tertio
527 2942 692 3040 101015),
717 2957 752 3017 et
777 2957 893 3018 tamen
920 2956 1079 3039 constat,
1107 2945 1203 3044 quod
1231 2948 1345 3044 primo
1371 2945 1439 3016 fuit
1465 2947 1682 3044 compositus
1705 2941 1799 3016 liber
1824 2943 2006 3016 Constitu·

282 3047 422 3116 tionum
449 3044 702 3141 imperialium,
738 3058 862 3144 postea
885 3045 976 3117 liber
1000 3048 1227 3142 Digestorum
1254 3059 1289 3120 et
1316 3045 1577 3146 subsequenter
1610 3046 1702 3118 libcr
1726 3045 2006 3134 Institutionum,

284 3147 380 3245 quod
411 3145 592 3239 colligitur
625 3173 669 3218 cx
695 3147 782 3220 Cod.
813 3145 858 3220 dc
890 3159 959 3219 vet.
995 3149 1058 3218 iur.
1084 3149 1198 3220 euucl.
1218 3147 1254 3243 1,
1281 3144 1341 3220 17.
1369 3145 1445 3221 11.
1470 3158 1506 3220 ct
1532 3143 1607 3220 11.
1633 3144 1669 3248 ἕ.
1692 3149 1808 3219 omnia
1835 3147 1952 3240 igitur.
1971 3140 2004 3216 l.
2022 3163 2055 3214 25

283 3261 319 3319 ct
344 3246 379 3346 5.
406 3247 468 3318 sed
495 3273 575 3318 curn
602 3251 859 3346 prospeximus.
878 3245 936 3320 11.
969 3276 1041 3320 non
1075 3252 1165 3322 euim
1201 3275 1341 3347 semper
1371 3253 1405 3321 in
1428 3247 1630 3322 huiusmodi
1656 3247 1888 3322 relationibus
1916 3248 2005 3319 ordo

281 3349 493 3422 uenationis
527 3347 583 3420 vel
616 3351 809 3447 scripturae
843 3351 1060 3447 spectandus
1078 3352 1125 3443 16)
1161 3364 1225 3424 est.
1258 3364 1298 3423 ut
1325 3379 1388 3446 arg
1426 3353 1505 3446 Dig.
1533 3351 1577 3424 de
1602 3349 1717 3449 pecul.
1743 3352 1812 3447 leg.
1829 3347 1897 3442 55,
1918 3345 1954 3420 8.
1981 3349 2005 3419 Ι.
2121 3417 2125 3424 .

282 3451 436 3550 quidam.
463 3447 523 3522 14.
557 3461 592 3522 et
624 3451 703 3544 llig.
734 3452 918 3524 dc‘solut.
944 3466 980 3524 et
1013 3451 1150 3526 liberat.
1176 3452 1240 3546 46,
1268 3450 1305 3525 5.
1335 3455 1358 3526 Ι.
1391 3479 1465 3528 uec.
1485 3450 1522 3524 6.
1556 3495 1607 3508 --
1658 3452 1731 3524 Sed
1763 3451 1850 3552 quid
1883 3451 1943 3522 liet
1969 3453 2006 3520 in

281 3555 418 3626 actione
443 3550 595 3648 duplici,
637 3564 725 3651 puta
748 3553 934 3627 interdicto
962 3557 1012 3626 uti
1038 3554 1226 3653 possidetis
1254 3568 1290 3629 ct
1316 3556 1442 3630 iudicio
1469 3555 1645 3629 communi
1671 3554 1864 3628 dividundo
1892 3565 1929 3626 ct
1954 3552 2004 3623 la-

277 3655 395 3728 miliac
420 3655 669 3728 erciscundae?
721 3656 852 3752 Resp,
893 3654 1023 3729 iurabit
1049 3659 1166 3756 prius,
1209 3657 1271 3758 qui
1304 3659 1421 3756 primo
1455 3659 1671 3755 provocavit.
1702 3669 1740 3730 ut
1765 3658 1847 3752 Ilig.
1880 3681 2005 3728 comm.
2023 3684 2056 3734 30

188 3808 198 3834 .
281 3757 387 3830 divid.
404 3755 468 3849 10,
494 3753 531 3828 5.
558 3755 632 3828 11.
661 3755 774 3856 (6.1.)
803 3771 838 3829 et
860 3759 938 3850 Ilig.
965 3757 1010 3830 de
1043 3759 1112 3832 irul.
1127 3755 1165 3853 5,
1194 3757 1228 3832 I.
1261 3758 1284 3832 1.
1319 3759 1446 3832 sedin
1474 3757 1601 3832 tribus.
1621 3755 1680 3831 15.
1732 3757 1802 3830 Sed
1829 3756 1933 3857 quid,
1974 3757 2005 3826 si

281 3859 385 4030 ampo
410 3857 518 4032 pipuul
544 3860 708 3932 veniant?
743 3861 866 3956 Resp,
894 3885 951 3932 res
979 3873 1076 3934 sorte
1102 3861 1296 3935 dirimetur.
1324 3873 1364 3933 ut
1390 3861 1472 3956 Ilig.
1502 3860 1545 3934 dc
1572 3851 1693 3954 16115,
1724 3858 1756 3933 I.
1782 3861 1807 3932 1.
1834 3857 1895 3930 scd
1924 3881 2004 3928 cunr

280 3986 334 4032 am
363 3988 396 4033 o.
461 4014 469 4032 .

381 4064 490 4156 Item,
527 4062 612 4162 quid
640 4064 723 4155 erit,
766 4065 797 4134 si
823 4077 921 4158 actor
951 4064 1004 4135 vel
1033 4089 1115 4136 reus
1144 4063 1298 4138 noluerit
1323 4075 1501 4164 praestare
1533 4065 1763 4136 iuramentum
1788 4063 2003 4137 calumniae?

279 4163 405 4258 Resp,
440 4175 559 4257 actor,
593 4167 654 4264 qui
682 4164 835 4238 noluerit
863 4178 1120 4238 sacramentum
1146 4167 1339 4240 calumniae
1364 4174 1566 4262 praestare,
1610 4178 1649 4235 ut
1677 4163 1862 4264 improbus
1888 4167 2001 4257 litiga·
2020 4185 2051 4235 ³5

279 4277 359 4355 tor,
393 4269 564 4338 actionem
591 4271 787 4340 institutam
813 4269 950 4340 amittet
983 4280 1018 4340 et
1042 4268 1239 4366 expelletur
1265 4296 1284 4340 a
1310 4263 1446 4340 iudicio.
1472 4278 1513 4337 ut
1536 4266 1622 4340 Cod.
1648 4266 1694 4340 dc
1719 4269 1860 4341 iureiur.
1876 4265 1913 4356 2,
1940 4263 2000 4338 59.

278 4365 350 4438 11.
376 4364 412 4464 5.
438 4369 534 4462 quod
562 4371 593 4440 si
626 4383 735 4444 actor.
752 4367 788 4441 6.
814 4409 866 4425 -
917 4371 986 4442 llic
1018 4373 1216 4470 quaeritur,
1259 4373 1287 4440 si
1318 4395 1437 4439 coram
1472 4366 1608 4440 arbitro
1642 4370 1776 4464 litiget,
1824 4395 1868 4439 an
1899 4370 2003 4439 istam

318 4721 358 4794 9)
404 4725 571 4784 crediderit.
588 4721 622 4784 Ρ.
643 4721 682 4784 G.
699 4758 737 4770 -
755 4725 806 4788 ΑΙ.
824 4723 1019 4790 „creditne”
1035 4725 1073 4787 B.
1180 4798 1188 4819 .
1219 4723 1274 4807 13)
1320 4721 1371 4788 Cf.
1391 4727 1538 4804 Hrrqolae'u.
1559 4729 1598 4786 11.
1625 4727 1665 4786 11.
1696 4721 1725 4808 §.
1745 4722 1798 4787 67.
1827 4743 1903 4809 pag.
1927 4723 1999 4788 306.

321 4823 380 4904 10)
419 4833 547 4905 propter
561 4825 588 4886 lt.
606 4847 630 4885 a.
649 4821 686 4886 P.
717 4859 757 4869 -
788 4825 914 4910 apcrb.
930 4827 979 4890 c.''’
995 4827 1031 4889 Β.
1061 4861 1102 4872 ——
1172 4828 1300 4888 danaos.
1318 4823 1423 4890 tic52.
1438 4847 1488 4910 pr.

278 4945 360 5008 „pro
375 4923 440 4990 bac
455 4926 590 4990 causa.’'
607 4923 645 4988 G.
1216 4926 1275 5003 14)
1318 4927 1494 5014 verb.„qul
1503 4947 1564 4992 eas
1573 4927 1815 5012 (probationes)
1823 4929 1999 5011 cxposclt''

320 5025 376 5107 ll)
420 5031 517 5090 dator.
532 5024 569 5090 B.
585 5025 625 5092 G.
640 5063 683 5075 ·—
697 5025 748 5090 ΑΙ.
765 5028 1007 5094 „constitutos”
1021 5029 1058 5092 P.
1216 5027 1274 5106 15)
1317 5027 1381 5092 vid
1396 5029 1997 5112 prioravcrbaconst.normaemreip.’'

321 5126 376 5209 le)
419 5135 465 5190 rei
477 5137 507 5191 et
522 5137 642 5192 auaro.
658 5126 694 5192 P.
713 5127 752 5192 G.
774 5165 814 5175 -
840 5127 892 5194 ΑΙ.
910 5132 1051 5195 „actoris
1069 5142 1102 5194 et
1214 5125 1272 5210 16)
1314 5135 1510 5212 spectandae.
1525 5129 1561 5192 P.
1577 5167 1617 5176 -
1633 5131 1684 5196 ΑΙ.
1700 5130 2029 5216 „exspectandus.”5

278 5229 377 5292 „rel”
394 5227 428 5291 B.
1167 5228 1205 5294 B.
1222 5267 1261 5276 -
1282 5231 1595 5296 „considerandus”
1612 5231 1651 5298 G.
