4770 5962
380 553 444 621 ast
706 547 840 616 Gratiae
855 548 897 614 rie
911 545 1061 614 indiciae.
1077 546 1147 616 ord.
1176 544 1214 610 Ρ.
1229 543 1259 614 3.
1302 545 1363 616 'tit
1378 546 1410 612 3.
1438 544 1492 616 De
1506 545 1798 632 appellationibus.
1864 563 1869 568 ·

382 745 561 818 tationem.
577 737 637 814 15.
657 739 688 838 ³)
723 750 758 810 et
792 738 836 810 de
863 731 1124 836 appell.2‚28.
1150 761 1181 809 e.
1208 761 1289 808 eum
1317 737 1367 809 sit
1392 734 1615 812 Romanaii.
1633 727 1669 840 ⁴)
1723 739 1771 812 Et
1806 739 2010 835 expressius
2037 750 2109 812 tra·

383 847 478 919 ditur
500 845 587 916 haee
611 842 725 916 sor-nra
741 837 831 914 02
860 839 944 939 qli.
973 838 1009 939 5.
1035 837 1284 932 litigatoribus.
1310 835 1430 937 (cat.
1457 836 1607 938 μδ),
1645 843 1680 912 in
1708 831 1781 938 qaa'
1806 843 2012 938 quaestione
2038 850 2111 914 tam

384 951 421 1022 in
449 958 570 1039 textu,
611 970 716 1043 qnam
743 944 780 1016 ia
806 942 928 1036 glossa
963 967 1069 1038 super
1096 941 1191 1014 laeto
1210 934 1245 1045 5)
1272 941 1519 1039 appellationis
1554 945 1641 1014 satis
1676 942 1827 1014 traditur
1852 969 2022 1041 expressa
2048 945 2112 1017 do·

385 1051 507 1123 etrina.
559 1049 606 1120 Et
637 1047 783 1140 eopiosa
814 1045 859 1118 de
888 1044 957 1117 hae
990 1043 1147 1116 invenies
1180 1043 1215 1113 in
1250 1044 1372 1116 libello
1407 1046 1584 1118 Taneredi
1616 1047 1653 1116 in
1686 1044 1809 1120 eodem
1843 1047 1949 1118 titulo
1968 1047 2013 1146 1).
2063 1048 2112 1120 Et

352 1151 463 1229 rideo
492 1176 563 1222 non
588 1148 672 1224 duxi
690 1137 726 1252 ⁷)
756 1173 864 1245 snper
890 1147 956 1218 liae
982 1145 1127 1218 materia
1152 1145 1341 1242 plurimum
1367 1145 1612 1219 insistendum.

485 1252 582 1324 Scire
608 1262 725 1322 tamen
751 1248 883 1342 debes,
912 1248 1010 1349 quorl
1036 1249 1066 1317 si
1093 1247 1316 1341 solemnia,
1343 1272 1414 1345 qua
1440 1251 1616 1322 sententia
1643 1249 1715 1322 lata
1738 1259 1794 1322 est
1816 1262 1942 1322 eontra
1967 1262 2022 1343 te,
2049 1275 2112 1349 ap·

386 1355 579 1456 pellasses,
606 1355 682 1426 sine
707 1353 851 1450 seriptis
879 1350 1051 1450 appellari
1076 1361 1214 1448 potest3
1247 1375 1348 1422 sectas
1374 1352 1405 1422 si
1434 1363 1528 1448 post.
1557 1354 1658 1424 ntia
1684 1351 1872 1450 praealleg.
1901 1352 1937 1453 §-
1962 1353 2114 1447 litigato·

387 1457 486 1532 ribus
504 1458 548 1527 ⁸.

490 1466 560 1630 Srlrl
587 1557 747 1656 quamvis
776 1555 893 1655 aliqua
919 1579 1004 1654 pars
1026 1555 1118 1628 intra
1140 1553 1263 1628 deeem
1289 1553 1363 1628 dies
1390 1579 1462 1630 non
1489 1556 1718 1654 appellasset,
1744 1554 1852 1628 iudex
1879 1569 1995 1631 tamen
2022 1557 2115 1627 intra

338 1678 372 1734 1⁰
389 1663 512 1738 decem
540 1659 615 1732 dies
641 1660 849 1730 sententiam
875 1658 1024 1757 exsequi
1048 1682 1121 1730 non
1148 1655 1276 1752 debet,
1313 1657 1492 1755 quianon
1515 1661 1644 1731 transit
1668 1661 1761 1730 intra
1784 1659 1868 1731 illos
1894 1660 2014 1732 (laeena
2040 1659 2115 1731 alies

387 1768 425 1838 in
448 1789 524 1837 rem
551 1763 753 1858 iudicatam3
778 1759 841 1834 sed
870 1771 994 1859 postea
1019 1759 1071 1832 sie
1098 1761 1227 1833 statim.
1269 1759 1316 1834 X.
1339 1761 1381 1833 G.
1408 1759 1452 1833 tle
1479 1760 1581 1835 elect.
1602 1759 1638 1856 l,
1655 1758 1692 1834 6.
1720 1788 1750 1835 e.
1778 1786 1858 1833 enm
1880 1759 2116 1836 attestantia.

411 1865 487 1942 inf.
527 1865 543 1916 ⁹
1700 1937 1702 1940 .

390 1863 411 1976 (
490 1857 530 2040 li
544 1856 641 2040 )vero
669 1966 747 2064 quis
774 1963 993 2062 appellasset
1019 1963 1145 2038 eodem
1165 1949 1242 2058 die,
1270 1957 1402 2038 suffieit
1428 1967 1460 2038 ei
1486 1965 1602 2039 dicere
1615 1966 1651 2037 in
1671 1969 1870 2064 praesentia
1890 1965 2031 2070 iurlieis:
2054 1965 2116 2058 „A

391 2070 611 2164 ‚,sententin‚
653 2094 757 2168 quara
783 2067 899 2138 tulisti
926 2077 1050 2139 eontra
1077 2092 1133 2140 me
1160 2067 1197 2138 in
1225 2092 1348 2160 eausa,
1389 2093 1479 2164 qnae
1504 2066 1707 2142 vertebatur
1733 2071 1905 2144 interme
1934 2082 1970 2142 et
1995 2068 2115 2160 ulem,

342 2180 375 2236 ¹⁶
391 2184 598 2270 „tamqnam
625 2170 671 2241 ab
695 2171 816 2267 iniqua
844 2171 1038 2262 sententia,
1072 2170 1226 2241 sentiens
1253 2195 1308 2242 me
1334 2181 1539 2265 gravatum,
1579 2169 1623 2242 arl
1652 2170 1769 2245 sedem
1796 2171 2027 2271 apostolicam
2053 2195 2115 2268 ap·

392 2273 541 2373 „pello”
570 2265 648 2382 (vel
673 2273 851 2366 „iudicem
878 2283 1135 2368 competentem
1164 2265 1377 2377 appello”),
1406 2283 1471 2365 „et
1497 2274 1682 2370 apostolos
1709 2275 1881 2350 instanter
1905 2273 2027 2373 peto.'’

493 2377 558 2448 lsti
584 2373 738 2473 apostoli
762 2372 867 2446 hodie
893 2399 974 2445 raro
1001 2373 1142 2466 dantur,
1170 2399 1254 2467 nee,
1282 2375 1313 2448 si
1340 2400 1411 2446 non
1438 2387 1615 2472 petantur,
1645 2375 1694 2474 ¹⁰)
1721 2377 1859 2451 videtur
1885 2377 2013 2450 obesse
2037 2399 2113 2470 arg.

392 2475 438 2550 ad
464 2474 532 2550 hae
557 2478 604 2553 X·
632 2478 675 2550 G.
702 2475 746 2548 de
776 2474 906 2573 appell.
922 2471 1035 2568 Μ).
1061 2501 1092 2548 e.
1120 2476 1340 2574 interposita.
1360 2472 1423 2546 70.
1451 2475 1502 2574 (S.
1518 2475 1569 2568 1.)
1588 2483 1636 2571 1Ι)

495 2579 535 2650 Si
561 2604 648 2652 vero
680 2576 898 2675 appellasset
924 2575 970 2649 ab
995 2576 1282 2672 interlocutoria,
1328 2577 1484 2671 assignet
1517 2605 1704 2671 gravamen
1736 2580 1807 2654 lroe
1832 2580 1958 2654 morlo:
2000 2581 2119 2673 „Quia

342 2701 378 2758 tt
395 2706 507 2779 ,‚vos‚
546 2680 706 2773 domine,
748 2678 877 2752 asaele
902 2679 1099 2776 apostoliea
1124 2679 1231 2754 iudex
1257 2680 1440 2774 delegate,
1479 2681 1575 2753 milri.
1590 2683 1770 2778 denegatis
1796 2695 1957 2781 quartam
1984 2682 2117 2781 pradu-

393 2785 573 2879 „etionem
598 2784 737 2855 testium
764 2806 842 2854 eum
868 2780 1089 2854 solemnitate
1115 2781 1241 2875 legali,
1277 2809 1321 2856 ex
1346 2780 1419 2856 hoe,
1443 2786 1599 2858 sentiens
1625 2809 1681 2857 me
1707 2787 1863 2880 gravari,
1893 2784 2039 2884 appello
2064 2786 2117 2856 iu·

394 2885 533 2980 „dicem
561 2881 853 2981 competentem.”
905 2882 1021 2956 Aliter
1044 2882 1236 2981 appellatio
1264 2885 1377 2978 laem,
1409 2897 1550 2981 praeter
1578 2913 1599 2958 a
1624 2889 1844 2981 gravamine,
1872 2912 1944 2959 non
1970 2897 2117 2961 teneret.

393 2997 435 3062 ut
447 3011 478 3059 e.
493 2999 518 3060 t.
538 2987 599 3076 (X.
615 2989 657 3062 G.
676 2980 806 3078 228.)
832 3010 862 3060 e·
889 2997 930 3058 nt
956 2981 1111 3058 debitas.
1127 2981 1189 3061 59.
1205 2988 1253 3080 ¹²)
1284 3011 1358 3082 arg.
1385 2988 1433 3060 X.
1460 2990 1503 3062 G.
1529 2988 1576 3062 de
1599 2989 1732 3088 appell.
1746 2987 1784 3083 2,
1798 2988 1860 3062 28.
1885 3015 1917 3063 e.
1936 3017 2016 3064 eum
2036 3014 2117 3063 ean·

392 3112 481 3164 sam.
497 3085 558 3160 63.
585 3100 621 3162 et
643 3115 673 3161 a.
700 3084 918 3162 dilecto-65.
940 3085 988 3186 11)
1989 3139 1992 3147 ·

344 3211 379 3265 ta
497 3194 624 3264 Cetera
655 3189 699 3262 (le
724 3187 790 3262 lraa
815 3189 962 3262 materia
987 3190 1066 3285 dia,
1110 3201 1153 3265 nt
1187 3216 1355 3294 expresse
1385 3202 1546 3266 notatum
1579 3195 1737 3267 invenies
1765 3195 1802 3265 in
1827 3219 1857 3268 a.
1881 3201 1909 3266 t.
1932 3195 1970 3266 in
1997 3192 2118 3269 libello

227 3283 230 3290 ’
395 3294 556 3388 magara
581 3291 768 3366 Tanererli.
785 3291 832 3391 11)
1412 3327 1417 3337 .

436 3543 479 3627 3)
521 3541 632 3609 innon.
648 3543 678 3607 3.
1335 3549 1395 3628 ta)
1440 3545 1491 3615 Gi
1510 3548 1620 3614 Tarra.
1637 3569 1713 3638 pag.
1729 3548 1802 3617 301.
1817 3571 1907 3620 vers.
1922 3549 1951 3617 6.
1973 3559 2005 3618 et
2023 3569 2120 3640 seqq.

424 3645 477 3728 ’4)
520 3645 595 3712 lloe
624 3667 651 3712 a.
680 3653 797 3710 noster
830 3644 896 3713 alio
931 3645 1005 3716 loeo
1034 3648 1133 3735 (pag.
1148 3647 1223 3718 368.
1335 3651 1395 3734 13)
1438 3676 1463 3716 r.
1490 3674 1560 3716 eum
1588 3675 1725 3717 caueam.
1754 3656 1852 3738 (arg.
1884 3655 1977 3720 verb.
2005 3651 2120 3720 subl.

395 3766 484 3814 vers.
499 3747 567 3830 25.)
584 3747 709 3816 rectius
724 3745 878 3815 laudavit.
992 3817 1000 3834 „
1292 3752 1490 3820 „ammodo
1512 3753 1546 3819 in
1561 3753 1782 3840 appellatione
1797 3756 1874 3839 ipsa
1891 3776 2058 3840 expressa
2069 3753 2120 3822 su·

438 3848 476 3936 a)
515 3857 611 3935 [acto.
627 3885 668 3898 -
682 3850 832 3936 Legend.
846 3849 993 3918 fortasse
1008 3849 1167 3924 „forma”
1294 3854 1445 3932 ‹cerintJ’J
1461 3879 1485 3918 r.
1501 3860 1617 3919 dilecto.
1636 3859 1723 3942 (arg.
1737 3857 1830 3922 verb.
1846 3858 1945 3946 „qnia
1958 3879 2026 3926 non
2042 3878 2121 3926 ena·

363 3970 380 4023 s
439 3949 478 4036 6)
520 3951 596 4017 vid.
614 3955 724 4018 Tener.
739 3953 973 4038 palmatae.
1294 3955 1410 4038 nstitit,
1431 3958 1518 4043 quod
1535 3967 1671 4042 propter
1685 3959 1914 4043 exceptionem
1930 4007 1962 4026 ..
1981 3980 2047 4026 noa
2063 3962 2120 4027 ad·

443 4052 483 4134 t)
526 4059 617 4118 duni.
632 4091 673 4106 -
688 4053 726 4120 B.
743 4055 863 4124 „dixi”
1295 4061 1458 4140 „missam
1475 4107 1482 4122 .
1501 4105 1510 4124 .
1525 4057 1624 4125 luerit
1638 4059 1943 4144 appellatametn”J
1958 4061 2082 4146 Honor.
2089 4063 2120 4130 3.

438 4151 480 4236 8)
523 4155 560 4235 3.
582 4160 798 4236 litipoton'tus.
823 4155 866 4239 (l.
880 4155 902 4222 l.
917 4177 945 4224 a.
960 4155 1013 4227 tl.
1037 4155 1068 4246 §.
1084 4157 1160 4241 23.)
1182 4191 1225 4208 -
1337 4159 1398 4240 lt)
1440 4157 1480 4224 B.
1493 4163 1707 4246 (praemissis
1722 4161 1931 4243 aliisverbis,
1947 4184 2034 4251 quae
2049 4164 2122 4232 ali·

396 4254 438 4324 B.
455 4276 506 4334 sc.
523 4254 612 4321 litti.”
1294 4261 1345 4325 bri
1362 4271 1516 4330 contextu
1531 4261 1658 4344 aliena,
1688 4274 1721 4330 et
1735 4265 1853 4350 partim
1863 4265 2025 4332 mendose
2039 4265 2120 4334 seri·

425 4355 479 4438 ’9)
521 4357 634 4424 lnnoa.
650 4357 683 4426 3.
1295 4372 1370 4446 pta,
1396 4367 1513 4447 partim
1537 4387 1618 4432 vero
1638 4367 1810 4434 obseoena
1830 4373 1927 4446 sunt.)
1959 4367 2122 4456 „Explicit
2176 4421 2178 4424 -

349 4470 383 4526 ta
436 4457 503 4642 {tlt}
541 4467 871 4630 generacionum.-
884 4462 923 4528 B.
940 4463 1227 4548 „patraturum”
1297 4469 1416 4531 „sama
1431 4468 1546 4554 mag’ri
1560 4469 1665 4554 gratie
1680 4469 1856 4540 aratensis.
1871 4471 1924 4538 d‘o
1939 4472 2058 4555 gr’as.”

318 4589 322 4600 ·
578 4581 689 4648 regor.
726 4608 737 4631 .

1074 4857 1445 4886 ⁸⁸⁸*-
