4810 5962
660 535 732 620 (De
751 535 817 604 litis
838 537 1085 606 contestatione.
1127 537 1181 606 De
1202 537 1454 650 exceptioutbus
1506 536 1575 626 §.t
1589 539 1640 624 2.)
1867 552 1872 561 ·
1980 539 2022 606 ΙΙΙ

398 729 467 800 llic
486 727 610 827 quaeri
624 735 757 825 potest,
787 727 818 799 ei
830 753 911 801 reus
924 727 1021 800 litem
1039 730 1229 802 contestari
1243 728 1457 822 detrectans,
1480 727 1571 801 nolit
1584 729 1801 828 respondere
1812 731 1924 802 actori
1940 741 2022 804 ante
2079 763 2086 772 ·

297 842 555 904 sacramentum
570 829 781 923 calumniae,
810 831 961 929 qualiter
975 832 1006 902 ei
1026 829 1058 930 ⁷)
1085 829 1336 912 consulendum
1365 831 1434 903 siti
1485 831 1615 928 Resp,
1644 845 1728 904 tuuc
1747 843 1846 905 actor
1865 833 1958 906 iuret
1976 831 2021 909 dc

296 933 489 1028 calumnia,
517 945 552 1006 ct
577 943 717 1030 postea,
743 933 775 1003 si
799 957 880 1004 reus
906 956 980 1005 nou
1006 933 1248 1033 responderit,
1277 932 1335 1006 vel
1358 959 1432 1006 nou
1457 932 1643 1027 iuraverit,
1670 960 1736 1031 pro
1764 935 1931 1008 consessu
1958 932 2022 1006 hu·

296 1034 445 1128 beatur,
472 1048 688 1108 nontamen
716 1046 757 1108 ut
781 1059 921 1133 semper
946 1035 1220 1128 condemnetur,
1249 1036 1317 1106 nisi
1338 1045 1446 1131 prout
1471 1036 1546 1107 eiua
1573 1035 1726 1135 qualitas
1753 1038 1907 1132 exegerit
1923 1033 1968 1135 8).
2019 1046 2054 1150 g
2067 1048 2104 1125 2,

397 1136 432 1238 5.
452 1136 484 1236 ¹)
534 1139 581 1210 Et
605 1136 783 1210 sciendum
809 1147 884 1231 est,
917 1137 1016 1236 quod
1040 1163 1123 1211 rcus
1149 1139 1287 1236 inipso
1314 1136 1386 1210 litis
1413 1140 1670 1211 contestatione
1695 1136 1802 1211 debet
1827 1142 2053 1236 protestari⁵

296 1263 378 1312 suas
413 1265 534 1312 omnes
569 1239 751 1311 dilatorias
781 1241 1017 1338 exceptiones.
1050 1253 1092 1313 ut
1120 1239 1207 1312 Cod.
1239 1239 1283 1311 de
1315 1252 1451 1336 except.
1463 1235 1502 1333 8,
1527 1236 1589 1311 56.
1617 1239 1642 1312 l.
1669 1241 1699 1312 si
1731 1241 1819 1337 quis.
1839 1238 1897 1312 19.
1934 1253 1970 1316 οΙ
1995 1241 2020 1314 l.

296 1342 362 1414 ult.
388 1353 422 1414 et
448 1342 535 1414 Cod.
558 1341 603 1414 de
629 1339 821 1439 probatd,
845 1339 904 1414 19.
930 1341 954 1413 l
982 1344 1234 1441 exceptionem.
1251 1337 1311 1412 19.
1361 1343 1409 1414 Et
1443 1352 1570 1438 postca
1602 1367 1660 1414 cas
1693 1339 1845 1439 probare
1872 1347 2019 1440 poterit,

296 1455 332 1514 ct
357 1441 465 1516 debet
496 1443 641 1516 lirudata
668 1443 799 1516 actoris
835 1445 1039 1517 intentione.
1065 1446 1167 1516 utin
1192 1442 1322 1536 e.l.²)
1359 1455 1396 1515 ct
1422 1443 1510 1515 Cod.
1541 1442 1587 1516 de
1620 1454 1755 1540 except.
1769 1437 1808 1542 8,
1835 1440 1898 1516 56.
1932 1445 1957 1516 l.
1989 1449 2020 1518 si
2062 1441 2065 1448 ’

296 1544 445 1644 quidem.
463 1541 498 1617 9.
576 1544 615 1616 Si
649 1570 733 1620 vero
773 1569 857 1618 reus
896 1546 933 1616 in
971 1546 1115 1621 exordio
1154 1546 1225 1617 litis
1265 1543 1463 1617 dilatoriam
1502 1547 1814 1643 praescriptionem
1852 1547 2019 1630 omiserit,

295 1659 420 1743 posteo
443 1672 520 1720 eam
545 1671 727 1744 opponere
746 1644 780 1744 3)
805 1671 878 1719 non
903 1651 1048 1746 poterit.
1074 1661 1114 1721 ut
1140 1647 1229 1719 Cod.
1254 1645 1299 1718 de
1325 1643 1507 1744 except8,
1535 1645 1598 1721 56.
1626 1647 1650 1718 l.
1677 1647 1707 1720 si
1733 1645 1889 1747 quislP.
1915 1648 2017 1722 salvo
2037 1673 2069 1724 to

295 1773 357 1841 co,
389 1749 487 1847 quod
514 1748 642 1822 dicitur
668 1750 704 1819 iu
729 1751 937 1847 exceptione
961 1751 1043 1822 falsi
1069 1750 1311 1848 procuratoris
1339 1761 1375 1822 ct
1401 1775 1475 1821 non
1501 1751 1558 1820 sui
1585 1749 1732 1840 iudicis,
1758 1775 1838 1821 uam
1863 1751 1932 1822 ista
1957 1777 2017 1823 ex·

295 1852 435 1949 ceptio,
471 1851 620 1924 licetiu
653 1852 753 1924 initio
789 1878 862 1924 uon
887 1863 1108 1951 opponetur,
1151 1852 1283 1950 poterit
1299 1843 1332 1950 ¹)
1360 1863 1477 1924 tamen
1503 1861 1627 1948 postea
1655 1852 1808 1948 opponi,
1852 1853 2017 1950 quoniam

294 1953 588 2051 quandocumque
611 1953 725 2040 ¹salsus
752 1968 966 2051 procurator
992 1957 1204 2047 inveniatur,
1243 1952 1336 2025 solet
1362 1953 1431 2026 dici
1457 1953 1621 2026 iudicium
1648 1953 1784 2025 nullum
1811 1963 1848 2024 et
1873 1965 2017 2025 contro·

293 2057 429 2128 versiae
452 2055 583 2126 nullae.
610 2067 651 2126 ut
677 2055 767 2128 Cot.
790 2057 835 2128 de
860 2054 1056 2156 procurffi,
1084 2054 1144 2128 15.
1171 2055 1196 2128 l.
1222 2053 1386 2126 11οοῐ.94.
1404 2055 1436 2155 5)
1489 2055 1692 2128 Secundum
1717 2051 1804 2128 hacc
1831 2055 1939 2148 igitur
1965 2057 2017 2128 sic

293 2157 433 2232 videtur
479 2182 557 2228 esse
584 2157 888 2253 distinguendum,
916 2169 1036 2232 utrum
1063 2159 1223 2256 exceptio
1251 2169 1454 2255 opponatur
1486 2183 1530 2230 ex
1555 2181 1708 2257 persona
1733 2158 1862 2228 actoris
1880 2155 1914 2254 ⁶)
1941 2168 2067 2230 tun-15

293 2270 387 2351 tum,
422 2259 575 2354 scilicet,
619 2285 720 2354 „non
749 2272 853 2358 potes
882 2287 1006 2356 agere,
1041 2262 1122 2360 quia
1147 2259 1246 2332 miles
1263 2259 1351 2354 .cs’',
1385 2261 1442 2332 vel
1476 2285 1575 2353 „uon
1601 2285 1639 2331 ee
1667 2260 1915 2356 procuratcr”,
1961 2259 2017 2332 vel

293 2388 394 2454 „non
420 2359 529 2434 habes
556 2361 797 2456 mandatum'',
840 2390 886 2434 au
911 2376 1113 2462 opponatur
1145 2389 1186 2436 ex
1225 2387 1379 2458 persona
1411 2363 1481 2454 rei,
1520 2362 1630 2434 veluti
1655 2385 1755 2456 „nou
1783 2385 1862 2432 sum
1888 2386 2015 2435 couve-

293 2463 470 2557 „uiendus
498 2462 566 2536 sub
594 2462 663 2538 hoc
686 2465 813 2558 iudice,
842 2469 924 2564 quia
951 2465 1091 2560 legatus
1117 2463 1236 2556 sam”,
1261 2464 1319 2536 ael
1344 2476 1515 2563 „pactum
1541 2461 1624 2536 mihi
1648 2463 1765 2535 iecisti
1786 2461 1831 2536 de
1855 2489 1928 2536 nou
1954 2487 2015 2562 pe·

293 2568 430 2660 „tendo
456 2569 548 2638 intra
574 2569 884 2666 quinquennium.'’
935 2570 977 2639 ln
1015 2569 1129 2664 primo
1164 2591 1250 2638 casu
1277 2556 1350 2640 ndu
1381 2567 1512 2665 poterit
1537 2577 1637 2638 actor
1662 2563 1812 2637 fundare
1837 2590 1937 2637 suam
1962 2567 2014 2636 in-

292 2670 504 2762 tentionem,
529 2670 597 2740 uisi
622 2671 721 2767 prius
746 2666 877 2767 probet
903 2696 957 2763 ea,
984 2696 1075 2767 quae
1101 2667 1331 2765 obiiciantur,
1358 2683 1393 2742 ct
1420 2669 1472 2742 sic
1498 2693 1579 2740 reus
1604 2693 1676 2740 nou
1701 2665 1846 2739 habebit
1873 2691 2016 2740 neccsse
2033 2681 2067 2730 ²⁰

292 2770 445 2870 probare
469 2797 568 2843 suam
597 2773 837 2870 exceptionem
856 2771 900 2870 ⁷).
951 2773 993 2842 lu
1020 2770 1174 2846 secundo
1206 2795 1291 2843 vcro
1326 2795 1408 2844 casu
1433 2769 1540 2842 debet
1564 2767 1622 2842 laic
1647 2770 1682 2840 in
1703 2769 1802 2840 initio
1832 2794 2015 2867 opponere

163 2957 166 2962 ,
292 2875 532 2971 exceptionem
560 2884 595 2945 et
621 2887 705 2971 post
730 2873 911 2946 fundatam
944 2876 1076 2949 actoris
1108 2873 1334 2968 intentionem
1365 2871 1529 2972 probare.
1557 2882 1598 2945 ut
1623 2870 1711 2944 cod.
1745 2871 1789 2944 de
1815 2867 1956 2972 probat.
1973 2869 2013 2965 l,

292 2975 349 3050 19.
380 2975 404 3048 l.
430 2975 682 3072 exceptionem.
699 2973 758 3051 19.
776 2975 811 3074 8)

390 3077 628 3150 Pcrcmtorias
655 3077 794 3176 quidem
813 3078 1037 3176 exceptiones
1057 3087 1139 3150 aute
1163 3077 1354 3151 contestari
1375 3075 1519 3148 sufficit.
1543 3074 1573 3146 si
1594 3099 1679 3148 vero
1698 3073 1832 3148 suerint
1852 3075 2024 3168 omissae„

291 3193 478 3278 antequam
498 3180 670 3250 sententia
692 3179 847 3272 feratur,
873 3179 1166 3278 quandocumque
1184 3180 1216 3279 ⁹)
1232 3180 1366 3277 poterit
1379 3203 1438 3250 eat
1455 3176 1624 3272 obiicere,
1645 3188 1685 3249 ut
1699 3177 1788 3250 Cod.
1810 3177 1855 3250 de
1878 3189 2013 3274 except.
2031 3183 2063 3236 2⁵

289 3281 328 3377 8,
336 3279 398 3354 56.
415 3281 437 3352 l.
452 3277 814 3378 praescriptionemd.
830 3291 866 3354 et
878 3280 966 3355 God.
984 3292 1135 3354 sentent.
1149 3307 1238 3354 rese.
1252 3308 1322 3355 non
1339 3305 1458 3378 posse.
1473 3276 1510 3373 7,
1523 3275 1591 3366 50,
1605 3279 1629 3350 l
1642 3280 1884 3377 peremtorias.
1897 3274 1931 3351 Β.
1950 3278 2013 3350 sed

291 3399 326 3458 ct
340 3382 387 3480 ¹⁰)
415 3395 499 3480 post
515 3385 721 3454 sententiam
739 3407 901 3481 semper,
927 3395 1013 3480 puta
1030 3385 1059 3454 si
1076 3385 1244 3457 sententia
1261 3382 1430 3456 bencfi'cio
1444 3381 1691 3480 appellationis
1706 3380 1763 3453 vcl
1777 3381 2011 3452 restitutionis

288 3486 528 3584 suspendatur
539 3484 595 3556 vel
611 3495 834 3577 retractetur,
857 3484 914 3557 vel
931 3511 1075 3584 quoquo
1090 3485 1197 3558 modo
1208 3511 1281 3558 nou
1295 3495 1428 3578 teneat,
1454 3483 1609 3582 alioquin
1623 3485 1778 3571 minime,
1803 3485 1869 3554 nisi
1882 3485 1917 3553 in
1933 3484 2010 3581 qui-

289 3587 439 3664 busdam
454 3585 617 3680 casibus,
644 3584 705 3657 ubi
718 3598 804 3684 post
815 3612 889 3661 rem
904 3587 1092 3660 iudicatam
1114 3589 1340 3687 exceptiones
1363 3597 1601 3686 opponuntur.
1612 3583 1660 3678 ¹¹)
1677 3596 1717 3656 ut
1730 3585 1809 3680 llig.
1827 3584 1896 3658 sol.
1909 3597 2009 3656 matr.

329 3844 367 3927 7)
409 3849 445 3904 et.
460 3841 500 3906 Β.
516 3841 686 3924 (avocarit
700 3843 827 3904 Demus.
843 3839 968 3924 ceta.)
981 3875 1022 3888 -
1036 3839 1074 3906 P.
1084 3841 1111 3905 l.
1222 3839 1260 3924 5)
1304 3837 1460 3904 Ceterum
1478 3845 1594 3904 noster
1611 3835 1655 3903 al.
1674 3835 1696 3902 Ι.
1714 3835 1799 3902 „hoc
1819 3855 1936 3902 venum
1958 3845 2011 3900 est

288 3943 318 4008 Β.
335 3943 453 4009 Gom.
1181 3951 1358 4027 „quantam
1387 3941 1431 4005 ad
1461 3939 1648 4020 dominum,
1682 3959 1750 4004 non
1779 3949 1938 4023 quantum
1965 3939 2008 4002 ad

328 4043 366 4127 8)
408 4051 554 4123 caeperit.
571 4044 613 4110 G.
628 4079 663 4092 -
680 4041 734 4108 Al.
747 4042 933 4129 nexigcrit”
948 4043 984 4108 P.
997 4043 1113 4109 tta-
1181 4042 1478 4127 „praenotarem”
1493 4041 1569 4106 Vid.
1583 4044 1657 4104 Pttt.
1673 4063 1724 4122 qu.
1737 4039 1790 4104 39.
1805 4041 1839 4106 ia
1854 4039 1950 4106 solut.

287 4145 486 4230 „exigatur”
500 4145 538 4211 Β.
1222 4144 1261 4229 6)
1306 4143 1346 4210 G.
1362 4145 1437 4209 add.
1453 4141 1796 4226 reciprocamus?

372 4243 422 4310 Cf.
438 4244 558 4330 parad.
574 4245 605 4333 §.
615 4248 643 4312 l.
658 4265 747 4312 vers.
763 4247 854 4314 Reus
868 4265 961 4311 vero.
1218 4247 1256 4331 7)
1298 4252 1518 4326 acceptionem.
1539 4243 1578 4308 P.
1591 4242 1617 4306 1.
1635 4241 1666 4306 Β.
1681 4240 1724 4307 G.
1743 4277 1784 4290 -
1806 4243 1859 4310 ΑΙ.
1883 4246 2002 4309 aiutcn·
2022 4254 2037 4300 5

329 4346 366 4430 1)
410 4346 449 4410 G.
462 4348 560 4413 inser.
590 4347 660 4412 nDc
683 4348 967 4433 exceptionibus.”
993 4387 1035 4398 —
1064 4353 1109 4412 Io.
1177 4349 1347 4414 „fiunem”
1360 4347 1399 4412 Β.

287 4448 388 4512 Andr.
403 4451 494 4510 ortt).
507 4471 553 4528 ep.
568 4450 624 4516 lib.
636 4451 666 4514 Β.
681 4471 716 4535 p.
725 4451 755 4516 l.
769 4455 804 4518 tu
817 4450 909 4516 rubr.
925 4448 967 4513 dc
982 4462 1112 4534 except..
1217 4449 1257 4536 8)
1300 4446 1352 4514 (ΙΙ.
1361 4449 1464 4512 uuas.
1473 4447 1508 4513 ἱιι
1521 4467 1552 4512 v.
1569 4447 1798 4532 exceptionem
1812 4441 1900 4510 dilat.
1911 4463 2004 4524 acre.

287 4559 320 4612 et
332 4547 416 4634 repl.
431 4547 564 4614 aPilltus
577 4570 644 4616 uon
658 4549 811 4620 formavit
827 4553 870 4618 de
891 4548 956 4616 hac
971 4569 1110 4636 genera·
1177 4551 1206 4616 si
1222 4561 1333 4617 autem
1349 4551 1476 4617 dilator.
1491 4551 1535 4616 sit
1548 4567 1622 4616 exc.
1720 4583 1729 4590 -

286 4650 370 4716 alem
383 4651 491 4726 rubr.;
519 4653 688 4719 materiem
709 4663 821 4722 tanoen
833 4654 921 4722 hanc
933 4654 1108 4739 prosequi·
1258 4653 1345 4718 Ante
1363 4673 1433 4738 seq.
1449 4671 1482 4717 v.
1495 4651 1726 4718 Peremtorias.
1750 4649 1790 4714 Β.
1815 4649 1916 4714 inser.
1933 4647 2004 4712 aDe

286 4764 357 4819 ntur
371 4754 435 4818 sub
448 4753 539 4818 rubr.
556 4753 597 4818 de
611 4750 677 4816 litis
692 4759 800 4822 cont.”
1178 4756 1395 4840 ”peremtoria
1408 4754 1606 4838 exceptione
1620 4753 1702 4818 rei.”
2022 4755 2054 4804 ¹⁰

270 4917 275 4925 ,
327 4857 365 4938 Β)
409 4853 449 4921 G.
463 4855 815 4940 add.oexceptis.’‘pro
831 4845 1110 4943 acxceptiouem.”
1219 4859 1256 4939 9)
1300 4859 1560 4940 quandocumque.
1575 4854 1610 4918 P.
1622 4855 1653 4918 2.
1670 4889 1709 4900 -
1724 4851 1761 4917 Β.
1776 4851 1816 4916 P.
1826 4853 1853 4918 l.
1871 4851 1909 4916 G.
1924 4855 1987 4916 uui.

328 4956 364 5040 3)
407 4977 566 5038 opponere.
583 4956 701 5024 P.1.t.
717 4956 1053 5042 -Aleappouere.”
1069 4959 1108 5026 G.
1221 4958 1277 5041 10)
1320 4966 1360 5019 et.
1377 4956 1414 5022 P.
1425 4956 1589 5022 l.-Ab.
1605 4955 1678 5020 au.
1695 4954 1768 5020 ΡΒ,
1788 4951 1828 5019 G.
1969 5021 1971 5024 ,
2111 5027 2115 5036 Ι

284 5092 326 5106 -
341 5057 593 5143 reponerem.
1217 5058 1274 5142 ll)
1318 5055 1369 5123 Gi.
1401 5063 1510 5124 Pana.
1539 5057 1664 5142 purtfl.
1692 5058 1740 5122 tit.
1753 5057 1784 5121 5.
1814 5053 1882 5141 §.3.
1911 5075 2001 5118 vers.

327 5159 364 5242 4)
408 5167 468 5224 istc
482 5183 550 5224 erc.
571 5196 614 5208 -
635 5197 676 5209 -
691 5169 807 5242 potent
828 5160 867 5224 B.
895 5197 936 5210 —·
962 5163 1016 5228 At.
1031 5161 1104 5248 plu·
1174 5160 1271 5236 Quod
1300 5171 1410 5226 autern
1436 5161 1588 5225 diximus.
1617 5162 1747 5223 Damae.
1771 5159 1816 5223 tit.
1831 5157 1882 5222 tt
1909 5177 1999 5222 vers.

285 5260 346 5326 tali
366 5283 453 5328 num.
475 5263 577 5329 cistae
593 5265 807 5348 exceptiones
823 5264 908 5328 etc-.”
924 5263 961 5328 P.
972 5264 1000 5330 l.
1016 5265 1046 5328 Β.
1064 5265 1104 5330 G.
1173 5263 1254 5330 ltem
1267 5262 1444 5346 opponitur
1458 5281 1529 5328 exc.
1545 5259 1721 5327 Macedon.
