4786 5962
7 2657 10 2756 Ι

744 529 813 617 (De
827 533 1087 618 probationibus.
1116 533 1147 623 §2
1162 537 1192 601 7.
1235 533 1453 608 Dc'tes‘tttus.
1483 533 1513 622 §.
1528 533 1575 621 8.)
1980 539 2021 604 61

304 751 402 800 vero.
428 719 559 798 collii.
586 723 694 816 (Nou.
708 717 771 796 75.
798 749 828 796 c.
842 719 896 816 5.)
922 765 972 782 -
1023 727 1111 800 Item
1139 728 1174 798 iu
1201 724 1322 798 multis
1348 727 1528 823 potentior
1552 738 1608 800 est
1631 753 1704 798 vox
1728 737 1886 821 mortua,
1916 753 2021 826 quarn

305 830 396 922 vira,
426 838 466 899 ut
491 824 578 902 Cod.
605 825 649 898 de
674 822 827 924 ιιιιριὸ,
853 825 890 900 l.
916 827 940 898 Ι.
965 829 1166 925 imperialis.
1179 825 1241 899 15.
1258 826 1305 926 ¹⁰)
1331 839 1368 900 et
1392 828 1481 900 Cod.
1506 826 1553 900 de
1576 827 1705 921 testi,
1730 826 1795 902 20.
1820 830 1843 901 Ι.
1868 829 2022 902 testium.

306 926 365 1002 l8.
393 941 429 1004 et
454 928 540 1002 Cod.
571 929 601 998 si
625 927 708 1000 min.
732 953 772 1000 aa
791 930 914 1000 maior.
932 926 970 1022 2,
996 927 1060 1002 15.
1086 929 1110 1002 Ι.
1136 933 1167 1002 si
1193 925 1402 1002 alterius&
1429 941 1466 1002 et
1487 929 1578 1003 God.
1603 931 1648 1002 de
1675 957 1745 1002 uon
1773 957 1868 1004 num.
1896 931 2019 1029 peel,

303 1030 369 1104 50.
396 1030 420 1103 Ι.
451 1029 670 1128 generaliter.
685 1026 745 1101 15.
764 1041 803 1102 et
828 1031 910 1125 big.
935 1031 980 1104 do
1004 1028 1221 1129 probatffl,
1246 1029 1283 1103 5.
1310 1030 1334 1102 Ι.
1360 1055 1497 1104 census.
1522 1029 1602 1128 lG.;
1627 1033 1710 1105 item
1734 1034 1777 1104 in
1799 1031 2021 1133 emphyteusi

305 1145 340 1206 et
367 1135 403 1208 iu
429 1133 626 1206 donatione
646 1131 738 1204 ultra
766 1132 974 1228 quingentos
1008 1131 1215 1231 eureosss),
1250 1143 1290 1206 ut
1317 1131 1405 1206 cod.
1428 1133 1475 1205 de
1506 1135 1572 1205 ior.
1598 1132 1804 1235 emphytd,
1832 1135 1893 1212 iiii.
1909 1139 1955 1226 l2)
1983 1149 2052 1208 ets

305 1235 393 1310 Cud.
418 1236 463 1308 da
489 1236 609 1307 dunat.
624 1229 663 1328 8,
691 1229 832 1332 5413„
859 1237 938 1307 itam
969 1237 1007 1305 in
1033 1247 1250 1308 testamento¹
1270 1237 1374 1308 caesia
1400 1234 1458 1308 Sic
1483 1261 1567 1330 erga
1592 1238 1701 1331 magis
1731 1249 1785 1310 est
1810 1238 2021 1312 credendum

302 1350 465 1427 mortuae
489 1338 587 1431 voci,
615 1360 721 1435 quam
743 1335 853 1408 virae.
877 1378 936 1394 --
978 1337 1076 1410 llaec
1101 1339 1153 1410 sic
1178 1349 1263 1410 suut
1286 1336 1537 1432 intelligenda‚.
1554 1349 1593 1411 ut
1617 1339 1731 1410 omnis
1759 1341 1910 1412 evitetur
1935 1365 2019 1412 conv

303 1441 474 1512 trarietas.
526 1436 597 1510 Ubi
625 1437 767 1530 dieitur,
809 1439 954 1512 eandem
979 1441 1048 1511 vim
1076 1438 1217 1513 obtinet
1249 1451 1320 1512 tam
1352 1439 1439 1512 lidos
1465 1441 1798 1534 instrumentorum,
1835 1468 1942 1540 quum
1968 1456 2019 1515 te·

303 1543 411 1614 stium
421 1540 682 1640 depositiones,
707 1537 883 1616 subaudit*
899 1542 969 1612 imo
996 1551 1031 1614 ot
1056 1541 1250 1636 maiorem,
1272 1551 1313 1612 ut
1333 1542 1368 1612 in
1395 1539 1514 1613 multis
1539 1539 1680 1614 casibus
1706 1544 1888 1640 reperitur.
1917 1547 2019 1634 item,

303 1643 401 1742 quod
424 1641 573 1736 dieitur,
597 1641 693 1742 quod
718 1639 801 1740 plus
827 1641 953 1716 velent·
974 1655 1104 1736 testes,
1132 1669 1237 1744 quam
1262 1644 1461 1742 scripture„
1477 1643 1639 1740 speciale·
1654 1658 1709 1716 cst
1733 1645 1774 1716 in
1793 1647 2018 1718 testamentis.
2039 1662 2070 1711 ro

301 1747 349 1818 Et
376 1744 474 1844 quod
500 1743 626 1817 dicitur
651 1748 687 1817 iu
712 1742 821 1816 nuth.
847 1744 986 1818 deiide
1012 1747 1192 1838 instrum,
1234 1745 1391 1840 intellige
1424 1755 1600 1817 mortuam
1632 1771 1753 1818 vocem
1786 1749 2018 1844 comparatio·

301 1873 380 1920 nem
403 1848 603 1941 literarum,
643 1861 679 1918 et
711 1845 825 1918 vivam
857 1871 978 1920 vocem
1010 1848 1119 1946 ipsos
1137 1859 1274 1943 testes3·
1310 1861 1346 1920 et
1377 1847 1429 1920 sic
1459 1848 1581 1942 magis-
1600 1847 1765 1921 creditur·
1780 1845 1840 1919 ihi.
1854 1848 2018 1943 testibus,

301 1974 406 2048 quam
433 1948 624 2022 collationi.
638 1949 684 2039 14)

401 2049 436 2150 3.
454 2054 491 2143 Ι)
536 2049 582 2124 llt
616 2051 697 2149 quia
723 2048 941 2148 probationis
967 2051 1057 2124 duae
1082 2062 1165 2123 sunt
1201 2052 1335 2148 species
1359 2051 1630 2150 principaliter‚.
1662 2052 1797 2124 scilicet
1823 2055 2102 2164 testimoniag.8,

199 2161 206 2182 ⁸
300 2165 336 2225 et
363 2155 593 2226 instrumenta
610 2155 663 2245 ²),
706 2166 742 2226 et
772 2153 913 2248 dignior
947 2165 1002 2226 est
1032 2152 1196 2252 probatio
1214 2156 1245 2246 ³)
1280 2179 1343 2251 per
1375 2165 1501 2245 testes,
1543 2175 1650 2250 quam
1685 2179 1749 2251 per
1774 2155 2069 2246 instrumentum

300 2255 386 2327 ideo.
406 2255 569 2353 primitus
591 2280 702 2354 pauca
727 2254 773 2327 dc
798 2253 972 2348 testibus,
1004 2281 1095 2354 quac
1122 2257 1242 2349 magis·
1258 2255 1312 2326 ad
1330 2278 1513 2328 ceuoarnm
1539 2253 1870 2353 asumui'requenter
1896 2283 2021 2330 occur-

299 2367 403 2452 runt,
429 2355 497 2429 sub
523 2356 733 2457 compendio
759 2358 963 2430 inseramus.

400 2457 590 2534 Sciendum
619 2471 675 2533 cst
701 2459 832 2554 igitur,
858 2460 955 2558 quod
982 2470 1113 2552 ustos,
1140 2461 1198 2558 qui
1225 2483 1305 2530 uon·
1323 2469 1562 2551 exossantur,
1592 2483 1658 2532 uec
1682 2461 1759 2531 iure
1784 2471 1937 2558 possunt
1963 2485 2019 2532 uc-

289 2563 371 2656 iici‚
399 2560 525 2660 utique
549 2573 743 2657 eoguntur..
784 2562 919 2634 Omnes
943 2563 1035 2634 cuim
1061 2562 1313 2656 admittuntur,
1350 2560 1417 2632 uisi
1443 2555 1636 2658 expressim
1663 2559 1944 2659 probibenturp
1963 2573 2018 2634 est

298 2665 397 2738 enim·
415 2662 687 2762 prohibitorium
714 2663 867 2738 edictum
891 2664 935 2736 de
964 2663 1125 2738 testibus.
1149 2675 1189 2736 nt
1213 2662 1294 2758 llig.
1323 2662 1380 2736 de⁴
1398 2674 1479 2738 test.
1495 2660 1559 2756 22,
1585 2659 1621 2733 5.
1645 2663 1668 2736 l.
1685 2661 1717 2735 l.
1747 2662 1797 2762 (fi.
1810 2659 1863 2753 1).
1881 2663 1914 2760 4)
2035 2687 2069 2737 ιο

400 2765 491 2838 Sunt
517 2765 677 2865 qnidam,
700 2766 782 2864 qui,
804 2765 887 2838 licet
912 2779 1123 2839 excusentur
1148 2778 1186 2840 et
1212 2791 1289 2837 nou
1309 2764 1462 2854 debeant
1488 2766 1590 2858 cogi,
1622 2765 1783 2838 volantes
1804 2777 1931 2852 ,tamen
1957 2764 2018 2855 ad-

297 2871 503 2961 mittuntur,
534 2879 575 2939 ut
600 2879 655 2940 est
682 2894 784 2940 socer
810 2878 937 2940 contre
960 2893 1126 2964 generum
1153 2881 1189 2941 et
1211 2893 1231 2942 e
1255 2868 1454 2959 contrario,
1489 2877 1526 2939 et
1554 2866 1622 2936 alii:
1638 2869 1790 2965 quidum.
1817 2880 1857 2940 ut
1882 2868 1961 2960 llig.
1987 2892 2017 2938 e.

297 2967 409 3063 ΙΓῊ,
426 2967 462 3042 ii.
489 2970 513 3040 l.
539 2969 616 3062 lege
642 2955 825 3042 luiti'etc
838 2968 877 3042 4.
902 2995 1007 3067 quam
1035 2971 1150 3065 legem
1175 2970 1337 3063 intelligo
1364 2970 1479 3040 lusu
1506 2961 1638 3040 babere
1669 2981 1741 3041 tam
1775 2972 1813 3040 in
1838 2968 2016 3060 ciuilibus,
2107 3025 2110 3038 .

297 3095 404 3170 quum
427 3073 464 3142 in
492 3069 731 3142 criminalibus
760 3073 886 3142 musis.
904 3075 937 3161 ⁵)
963 3083 1001 3142 nt
1031 3099 1105 3166 erg.
1131 3075 1212 3166 liig.
1238 3072 1283 3143 de
1310 3081 1463 3144 accusat.
1479 3065 1553 3164 18,
1581 3065 1620 3142 2.
1650 3067 1727 3143 12.
1754 3073 1840 3169 (ρι’.)
1867 3083 1904 3144 et
1929 3068 2018 3142 God.

296 3173 341 3245 de
366 3169 578 3265 excusant,
607 3169 670 3244 62.
694 3170 718 3242 Ι.
749 3170 1062 3246 humanitatisffi.
1116 3173 1187 3248 Sed
1218 3173 1429 3270 plusdico,
1464 3172 1565 3272 quod
1596 3173 1633 3242 in
1657 3174 1787 3246 causis·
1806 3173 2016 3271 pecuniariis
2034 3186 2067 3240 25

295 3275 577 3348 denunciandum
605 3285 660 3345 est
686 3273 921 3346 testimouium
947 3277 1129 3370 personis,
1166 3302 1256 3375 quoe
1290 3276 1327 3346 iu
1354 3275 1447 3348 dictu
1479 3273 1558 3368 loge
1593 3275 1838 3367 eontinentur,
1869 3276 2019 3346 maxime

295 3377 376 3476 quia
402 3379 531 3450 veritas
558 3375 660 3448 aliter
684 3377 766 3448 sciri
793 3401 866 3447 non
891 3387 1023 3474 potest.
1049 3403 1122 3474 arg.
1149 3381 1228 3472 llig.
1256 3403 1285 3449 e.
1315 3373 1427 3470 tii,
1452 3373 1489 3451 5.
1514 3376 1537 3450 l.
1564 3376 1611 3449 ob
1639 3402 1788 3448 carmen.
1803 3374 1865 3448 11.
1896 3375 1946 3476 (5.
1966 3373 2016 3466 Ι.)

294 3491 329 3551 et
365 3503 439 3574 arg.
471 3481 552 3572 Dig.
584 3477 630 3551 do
655 3476 831 3550 munerib.
864 3491 900 3550 et
934 3477 1097 3551 honorii).
1116 3477 1188 3574 50,
1221 3479 1257 3551 4.
1293 3481 1317 3552 Ι.
1345 3490 1404 3550 'uti
1425 3477 1607 3574 gradatim.
1625 3474 1684 3548 11.
1716 3477 1757 3577 §.
1784 3479 1962 3576 quotiens.
1979 3475 2015 3551 1.

293 3583 375 3654 lloc
398 3581 488 3654 idem
506 3581 538 3672 6)
565 3580 724 3675 intelligo
750 3581 787 3652 in
812 3579 978 3653 omnibus
1004 3579 1085 3675 luis,
1106 3584 1167 3682 qui
1192 3584 1292 3653 inviti
1313 3607 1385 3653 non
1411 3579 1559 3676 cogendi
1587 3592 1692 3673 suut,
1726 3590 1767 3651 ut
1794 3593 2015 3674 samsones,

336 3765 393 3849 10)
437 3763 467 3854 §.
489 3765 517 3831 l.
545 3766 610 3830 sub
637 3763 658 3829 i.
687 3765 787 3830 ordonn
813 3775 923 3830 tamen
954 3765 1119 3832 dotalibus
1230 3765 1268 3850 2)
1311 3771 1419 3830 restim.
1443 3773 1476 3829 et
1494 3771 1632 3828 tornaco.
1654 3763 1689 3828 P.
1714 3797 1754 3810 -—
1776 3765 2016 3831 „testimonium

294 3868 500 3934 „omnimodo
528 3866 754 3936 instrumentis
786 3886 853 3931 non
883 3867 962 3932 siue
984 3868 1118 3953 scriptis
1189 3879 1242 3932 „et
1256 3865 1540 3932 instrumentum.''
1557 3865 1597 3931 G.
1613 3903 1655 3911 -
1670 3865 1906 3931 „instrumenta
1921 3875 2014 3930 ette-

292 3965 377 4031 utala
391 3969 550 4052 probetur
564 3967 783 4053 coniugium.”
1188 3967 1444 4036 „stimonial’R

336 4067 395 4148 11)
437 4092 559 4135 astreas.
571 4067 610 4134 B.
625 4069 664 4134 P.
682 4107 720 4116 -
735 4067 788 4134 ΑΙ.
804 4067 984 4136 „solidos”
1000 4069 1041 4134 G:
1227 4069 1265 4153 3)
1309 4071 1406 4136 Hunc
1426 4087 1513 4135 vers.
1538 4065 1589 4153 ”i-
1613 4075 1645 4131 et
1668 4068 1798 4152 dignior
1818 4078 1871 4134 est
1893 4071 2012 4153 proba-

335 4167 391 4250 12)
435 4169 474 4235 G.
491 4171 568 4236 add.
582 4171 622 4237 ul.
639 4170 855 4256 l.inp1·inc.”
1185 4171 1260 4238 tit).”
1275 4169 1373 4257 alleg.
1391 4173 1583 4250 Borrupuido.
1600 4179 1683 4254 part.
1699 4167 1730 4234 3.
1755 4174 1800 4237 tit
1816 4171 1846 4234 ⁷.
1863 4171 1905 4236 de
1920 4171 2010 4234 titulo
2031 4195 2045 4242 5

334 4268 395 4348 13)
439 4269 480 4336 G.
496 4271 572 4336 add.
587 4271 625 4338 ui.
642 4269 905 4338 sanctuarum.
1185 4273 1257 4340 sive
1272 4271 1525 4356 interrogatorio
1539 4267 1694 4337 iaciendo
1710 4283 1826 4338 contra
1839 4284 1953 4338 testes.

334 4369 391 4452 14)
434 4369 475 4434 ΙΙ.
489 4369 509 4434 l
525 4381 598 4437 test.
613 4377 659 4437 io.
674 4377 777 4439 Andr.
793 4377 837 4440 ad
849 4377 890 4437 Ι).
904 4397 953 4454 sp.
967 4373 1022 4440 lib.
1038 4375 1066 4440 2.
1083 4397 1114 4459 p.
1225 4376 1262 4457 4)
1308 4376 1381 4437 Pili.
1397 4394 1451 4458 qu.
1471 4371 1519 4436 13.
1541 4391 1601 4436 rou
1623 4373 1769 4458 pupillus
1786 4374 1890 4442 maior
1904 4371 2012 4437 iectus

283 4473 320 4536 ’1.
335 4473 369 4537 in
382 4470 472 4536 rubr.
488 4470 529 4534 de
544 4475 784 4543 instrumentor.
804 4478 954 4542 editione.
985 4473 1033 4542 cf.
1049 4487 1114 4542 not.
1185 4475 1427 4540 „testimoninm
1448 4471 1621 4559 perhibeat
1644 4472 1687 4540 de
1701 4475 1772 4555 his,
1803 4495 1889 4560 quae
1904 4475 1937 4538 in
1951 4495 2012 4557 pu·

289 4574 341 4651 40.
354 4575 399 4640 ad
411 4581 495 4656 part
512 4571 540 4637 1.
557 4569 587 4660 §.
602 4573 633 4638 3.
1186 4573 1313 4660 „pillori
1328 4587 1437 4643 aetate
1451 4575 1602 4641 viderit.”
1614 4573 1665 4641 Cf.
1681 4576 1836 4639 10.Amtr.
1851 4581 1897 4638 nrt
1911 4579 1950 4640 1).
1966 4601 2012 4658 sp.

305 4717 310 4726 ,
332 4677 371 4755 l)
412 4673 451 4740 Β.
466 4655 567 4741 inter.
589 4672 660 4740 „De
678 4681 851 4746 testibus.”
880 4717 922 4728 —
952 4683 995 4743 Io.
1013 4683 1114 4746 Andr.
1183 4676 1239 4744 lib.
1256 4678 1284 4743 l.
1307 4699 1340 4762 p.
1355 4677 1384 4742 4.
1410 4678 1454 4743 tit.
1476 4677 1517 4741 de
1539 4687 1634 4743 teste.
1657 4675 1686 4763 §.
1702 4677 1730 4741 l.
1750 4697 1837 4742 uum.
1853 4675 1902 4741 35.
1924 4681 1956 4742 in
1982 4701 2010 4743 v.
2031 4691 2062 4740 ru

288 4783 334 4842 ad
344 4781 387 4842 D.
401 4799 448 4858 sp.
464 4776 519 4841 lib.
530 4776 557 4843 1.
572 4798 605 4862 p.
613 4775 643 4842 4.
659 4776 692 4840 iu
706 4781 793 4846 rubr.
811 4785 853 4847 de
868 4790 962 4848 teste.
979 4779 1114 4847 „pintus
1184 4779 1389 4847 sabbathinc.
1412 4777 1498 4844 etin
1518 4799 1548 4844 v.
1574 4797 1699 4844 omnes.
1721 4797 1810 4845 vers.
1825 4779 1941 4846 Pillius
1957 4781 2012 4845 ubi

289 4881 343 4945 „iu
358 4888 475 4966 quartu
488 4880 603 4962 μηθ’
619 4876 678 4965 (ci.
694 4889 759 4944 not.
769 4881 796 4944 i'.
815 4883 859 4948 ad
872 4881 904 4946 Ιι.
918 4894 1003 4966 part
1019 4882 1048 4970 §.
1065 4883 1113 4966 δέ)
1183 4901 1296 4965 supro.
1412 4890 1425 4908 ⁰

289 4983 402 5064 „ponit
420 4981 509 5047 rubr.
531 4980 574 5046 de
594 4982 753 5060 testibus,
785 4990 817 5044 et
832 4993 969 5068 quatuor
985 4995 1063 5070 post
1076 4983 1113 5049 il·
1224 4984 1263 5066 ὅ)
1307 4980 1358 5049 cf.
1376 4982 1480 5047 Gloss.
1496 4985 1538 5050 ad
1554 4984 1575 5048 i.
1591 4985 1619 5046 4.
1636 4981 1711 5068 Dig.
1728 4983 1771 5048 de
1785 4985 1893 5052 testib.
1910 4983 1964 5064 22,
1980 4984 2010 5047 5.

288 5081 393 5162 niam,
421 5101 468 5148 sc.
484 5084 526 5148 da
540 5083 689 5167 ipsorum
704 5081 940 5168 productione,
969 5087 1011 5149 de
1025 5086 1113 5152 iura·
1181 5085 1214 5149 iu
1229 5105 1259 5148 v.
1276 5085 1503 5150 denuncietur.
1519 5105 1597 5150 vers
1618 5083 1698 5150 item
1712 5097 1800 5152 nota.

288 5195 434 5264 amento,
454 5183 595 5267 deiide,
617 5197 650 5253 et
672 5187 713 5254 de
729 5183 1110 5268 subscnptistninsrru·
1223 5185 1260 5270 6)
1304 5192 1394 5252 idem.
1412 5187 1448 5253 P.
1466 5185 1506 5251 G:
1523 5219 1562 5234 -
1578 5185 1617 5252 Β.
1633 5207 1696 5253 ona
2028 5189 2059 5238 ¹5

288 5286 448 5352 „mento”
