4782 5960
853 573 915 642 ra.
929 574 961 643 ι.
990 571 1044 642 ιιι
1058 575 1278 646 ennarrans.
1306 573 1338 662 a.
1354 577 1382 642 ι.
1397 581 1428 644 a.
1940 577 2006 648 aaa
2043 527 2046 542 ’

380 763 419 837 Si
470 789 558 840 vero
585 789 732 841 necesse
767 765 874 840 luerit
902 767 978 840 lieri
1009 767 1189 867 publicum
1223 766 1513 860 instrumentum,
1546 765 1616 840 boc
1646 757 1754 838 modo
1781 767 2003 844 conficiatur:

276 867 543 963 „Guilielmus,
581 871 769 942 canonicus
791 871 983 962 Aretinus,
1031 872 1066 942 iu
1094 895 1224 963 causa,
1266 895 1357 968 quae
1389 871 1538 942 vertitur
1565 870 1655 943 in'ter
1684 868 1933 970 presbyterum
1958 875 2001 944 P.

278 969 390 1065 „talis
417 970 499 1063 loci,
530 997 575 1044 ex
602 983 703 1068 parte
726 997 810 1064 una,
840 982 874 1043 et
899 971 1146 1072 presbyterum
1174 973 1221 1064 l.,
1250 983 1423 1044 rectorem
1453 971 1622 1044 ecclesiae
1649 971 1700 1042 St.
1727 972 1932 1067 Michaelis,
1960 1003 2004 1050 ex

278 1071 436 1168 ,‚altera,
480 1098 586 1170 super
611 1073 825 1172 quibusdam
849 1074 993 1146 decimis
1024 1086 1058 1147 et
1084 1075 1162 1146 aliis
1189 1074 1316 1165 rebus,
1353 1101 1372 1143 a
1397 1075 1480 1146 sede
1506 1075 1702 1170 apostolica
1728 1071 1835 1146 iudex
1861 1075 2003 1172 delega-

278 1186 386 1268 „tus,
415 1175 499 1247 l'eeit
525 1187 562 1248 ct
587 1177 768 1248 constituit
793 1177 852 1269 ln,
881 1177 1058 1269 clericum,
1087 1201 1187 1247 suum
1216 1179 1376 1249 nuntium
1403 1176 1448 1248 ad
1477 1177 1652 1248 citandum
1681 1175 1878 1272 praelatum
1902 1203 2036 1274 pres-s

278 1276 485 1377 „hymn-um,
514 1288 553 1349 ut
579 1279 746 1371 vigesima
774 1277 831 1350 die
855 1292 939 1376 post
964 1277 1054 1350 bane
1082 1279 1281 1349 citationem
1310 1304 1450 1375 perse,
1477 1279 1534 1350 vel
1556 1305 1622 1375 per
1640 1289 1908 1374 procuratorem
1926 1282 2001 1354 ido-

279 1406 431 1474 „neum‚
466 1378 653 1451 adomnia
680 1379 903 1453 sullicienter
928 1383 1160 1473 instructum,
1189 1382 1223 1450 in
1252 1381 1407 1452 clanstro
1435 1383 1576 1452 maioris
1606 1380 1774 1453 eeclesiae
1802 1397 2004 1478 compareat
2106 1396 2109 1402 ’

280 1507 427 1576 „coram
462 1507 522 1576 ea,
565 1481 778 1582 presbytero
799 1483 841 1554 P.
876 1508 984 1580 supra
1017 1483 1112 1556 dicta
1144 1478 1401 1556 rationabiliter
1434 1505 1692 1576 responsurns;
1734 1479 1891 1580 alioquin
1925 1488 2002 1584 ipse

280 1582 480 1682 „procedet
521 1585 557 1654 iu
591 1609 716 1678 causa,
765 1596 934 1683 quantum
966 1585 1128 1682 postulat
1161 1584 1249 1656 ordo
1290 1584 1386 1654 iuris.
1457 1584 1534 1674 Ego
1562 1583 1606 1654 T.
1641 1580 1801 1654 notarius
1835 1583 2002 1681 publicus

280 1686 387 1780 „huic
413 1687 645 1761 instrumento
662 1685 712 1786 ²⁰)
750 1687 915 1779 interlui,
960 1697 996 1759 et
1033 1685 1077 1758 de
1117 1687 1282 1759 mandato
1317 1683 1402 1758 dieti
1431 1683 1556 1756 iudicis
1590 1686 1716 1783 scripsi
1751 1695 1787 1756 et
1822 1688 2000 1785 publicavi
2019 1710 2052 1766 to

308 1785 411 1863 boe.'’
1618 1863 1622 1872 ,
1947 1857 1951 1867 .

279 1838 306 1884 l,
380 1890 505 1967 Statim
520 1892 569 1992 ²¹)
597 1891 740 1966 nuntius
766 1887 826 1962 ille
854 1918 931 1967 cum
959 1903 1080 1962 actore
1107 1889 1165 1962 vel
1191 1891 1268 1962 sine
1293 1902 1413 1964 actore
1439 1887 1583 1964 accedat
1610 1887 1654 1960 ad
1679 1888 1821 1961 domum
1840 1895 1892 1966 rei
1922 1922 2001 1970 cum

280 1995 418 2067 notario
440 1998 509 2068 isto
527 1991 579 2102 ²²)
610 1993 667 2068 vel
693 1988 783 2088 alio;
815 2006 851 2067 et
876 1995 907 2065 si
932 1993 1065 2064 invenit
1090 2018 1211 2085 reum,
1248 1995 1363 2089 ipsum
1387 1995 1470 2066 citet
1496 1990 1692 2064 secuudum
1716 1991 1866 2068 sormam
1894 2023 2000 2096 supe·

280 2097 354 2168 rius
381 2111 594 2172 annotatam.
617 2135 667 2152 -
718 2097 765 2168 Et
791 2097 955 2168 citatione
982 2095 1074 2164 saeta
1101 2096 1260 2166 notarius
1287 2094 1367 2168 iude
1394 2093 1575 2192 publicum
1604 2093 1767 2164 conficiat
1791 2096 2001 2184 instrument·
2105 2124 2107 2135 ·

279 2209 352 2270 tum
378 2199 446 2271 sub
473 2199 537 2272 bae
564 2202 695 2273 lorma:
730 2196 938 2290 „Robertus
966 2196 1134 2287 clericus,
1162 2199 1303 2268 nuntius
1330 2197 1488 2290 magistri
1517 2198 1579 2287 G.,
1609 2196 1770 2266 canonici
1794 2201 1952 2296 Aretini,
1980 2219 2052 2275 att

279 2300 392 2393 „sede
418 2305 610 2401 apostoliea
634 2303 671 2372 in
698 2299 763 2372 bac
788 2313 887 2399 parte
912 2299 1032 2372 iudicis
1060 2297 1225 2392 delegati,
1252 2301 1372 2370 citavit
1397 2297 1646 2398 presbyterum
1672 2299 1714 2388 l.,
1742 2309 1915 2374 rectorem
1945 2330 2001 2378 ec-

280 2400 435 2496 „elesiae
462 2405 513 2478 St.
537 2403 720 2496 lobannis,
748 2415 784 2473 et
810 2403 990 2500 praecepit
1018 2401 1048 2474 ei
1076 2413 1245 2497 exparte
1272 2401 1405 2474 domiui
1434 2401 1558 2472 iudicis
1582 2401 1814 2496 peremtoria,
1840 2415 1879 2476 nt
1906 2407 2001 2500 vige·

279 2505 394 2602 „sima
422 2506 479 2579 die
505 2520 588 2604 post
612 2507 703 2579 baua
734 2505 936 2578 citationem
962 2506 997 2574 in
1026 2501 1181 2576 claustro
1209 2505 1353 2576 maioris
1379 2504 1546 2578 eeclesiae
1573 2513 1773 2600 compareat
1799 2529 1917 2581 coram
1944 2533 2001 2602 eo,
2096 2569 2102 2576 .

281 2607 519 2709 „presbytero
539 2611 580 2682 P.
604 2633 714 2707 supra
737 2605 846 2700 dieta,
874 2606 1006 2682 rectori
1030 2605 1199 2678 eeclesiae
1224 2606 1277 2678 St
1298 2605 1475 2699 Andreae,
1502 2605 1546 2678 de
1572 2605 1823 2703 conquestione
1848 2611 2002 2682 rationa-

280 2706 427 2803 „biliter
452 2736 710 2810 responsurus3
748 2709 905 2808 alioquin
928 2708 1034 2783 iudex
1059 2709 1251 2804 procedet,
1295 2723 1468 2808 quantum
1496 2707 1540 2780 de
1574 2707 1649 2780 iure
1676 2707 1782 2778 fuerit
1806 2712 2000 2808 proceden·
2018 2735 2053 2790 ao

282 2808 406 2906 „dum
456 2815 503 2886 Et
531 2840 596 2908 ego
626 2813 669 2885 T.
699 2811 792 2884 etc.”

219 2995 226 3010 Ι
382 2911 417 3011 ἓ.
468 2916 642 3012 Expedita
677 2923 831 2986 tractatu
863 2911 1059 3004 citationis,
1107 2938 1198 3012 quae
1231 2913 1273 2986 iit
1299 2941 1364 3010 per
1388 2908 1573 3005 uunlium,
1617 2910 1661 2983 ad
1687 2936 1762 2982 eam
1785 2914 2087 3020 citationem,§.2

279 3037 369 3112 quae
395 3015 437 3086 lit
457 3041 522 3111 per
547 3016 667 3088 literas
693 3013 838 3105 iudicis,
865 3012 1033 3086 velociter
1058 3038 1306 3111 properemus3
1332 3029 1369 3089 et
1395 3017 1474 3116 quia
1501 3016 1537 3085 in
1566 3013 1634 3088 boc
1658 3014 1807 3088 articulo
1836 3016 2000 3116 frequen·

279 3126 336 3186 ter
360 3115 493 3190 iudices
517 3128 655 3211 errant,
695 3117 757 3215 qui
782 3141 846 3213 per
871 3116 962 3186 viam
995 3117 1148 3188 iustitiae
1173 3117 1374 3191 desiderant
1400 3116 1600 3209 ambulare,
1641 3141 1750 3213 super
1774 3114 1844 3191 boc
1869 3119 2000 3194 doctri·

277 3241 360 3289 nam
384 3217 513 3292 claram
539 3221 719 3292 innitimur
744 3217 913 3312 edocerc3
949 3244 1014 3289 uec
1040 3229 1156 3289 tamen
1191 3219 1317 3294 doctos
1351 3220 1565 3292 intendimus
1592 3221 1784 3310 instruere,
1825 3223 1904 3317 quia
1930 3221 2000 3296 boe
2017 3241 2051 3292 25

282 3331 377 3392 esset
403 3321 514 3394 solem
541 3319 676 3394 lacibus
693 3320 742 3420 ²³)
770 3319 954 3412 adiuvare,
982 3319 1078 3418 quod
1104 3321 1179 3392 lieri
1206 3348 1278 3396 nou
1304 3322 1430 3414 debet,
1456 3324 1496 3394 C.
1511 3320 1548 3392 6.
1575 3317 1659 3420 ql.
1686 3347 1716 3392 o.
1743 3321 1775 3390 si
1802 3322 2003 3420 omnia.7.;

281 3421 344 3494 sed
370 3423 485 3495 minus
512 3424 625 3497 doctis
651 3426 744 3496 viam
758 3412 811 3527 24)
835 3424 993 3518 cupimus
1020 3421 1282 3517 demonstrare,
1311 3425 1407 3521 quod
1434 3425 1511 3496 lieri
1535 3421 1654 3496 debet.
1677 3425 1779 3494 utx.
1796 3425 1838 3496 G.
1862 3423 1907 3498 de
1927 3453 2002 3499 ma-

281 3525 416 3620 gistris.
431 3524 470 3619 5,
484 3523 519 3600 5.
546 3552 611 3624 per
636 3537 761 3598 totum.
788 3549 863 3618 arg.
891 3524 931 3596 G.
947 3521 1007 3595 12.
1034 3550 1070 3622 q.
1085 3521 1120 3596 2.
1147 3553 1177 3598 c.
1205 3551 1286 3600 oum
1310 3521 1636 3601 devotissimam&

381 3630 495 3723 Igitur
524 3629 746 3703 considerare
771 3626 877 3700 debet
901 3624 1027 3721 iudex,
1066 3640 1257 3726 antequam
1286 3629 1370 3704 citet
1397 3641 1537 3728 partes,
1580 3626 1785 3725 qualitatem
1815 3645 2000 3724 personae,

281 3753 373 3828 quae
398 3732 555 3804 vocanda
580 3743 636 3804 est
660 3730 704 3801 ad
730 3729 918 3818 iudicium,
963 3730 1045 3800 item
1072 3728 1272 3804 dismntiam
1299 3731 1477 3823 locorum,
1515 3731 1600 3805 item
1626 3728 1827 3826 qualitatem
1857 3735 2000 3827 negotii,
2019 3751 2052 3805 ao

281 3841 317 3902 et
341 3842 497 3930 tempus,
524 3845 560 3906 et
583 3845 721 3906 ceteras
749 3833 1045 3925 circumstantias3
1071 3844 1112 3903 ut
1139 3831 1303 3906 omuibus
1330 3833 1565 3931 compensatis
1593 3833 1681 3902 sciat
1705 3831 1894 3904 seeundum
1921 3859 2002 3930 per·

281 3957 448 4006 sonarum
475 3948 510 4006 et
537 3937 666 4030 negotii
693 3934 897 4033 qualitatem
926 3931 1081 4005 inducias
1109 3946 1145 4006 et
1170 3937 1351 4008 terminos.
1427 3937 1475 4008 Et
1504 3934 1583 4004 ideo
1611 3932 1758 4022 dicitur,
1798 3933 1894 4029 quod
1922 3961 2002 4009 eum

282 4035 405 4106 maiori
433 4035 684 4108 deliberatione
718 4037 858 4107 tractari
890 4033 997 4108 debet
1029 4060 1134 4108 causa
1166 4038 1453 4128 matrimonialis,
1492 4061 1597 4133 quam
1626 4033 1834 4128 pecuniaria·
1913 4038 2001 4112 ltem

281 4148 353 4209 taur
379 4149 601 4234 magnumst
629 4136 790 4230 arduam,
829 4130 934 4234 quain
961 4139 1137 4210 minimam
1165 4141 1387 4213 considerare
1415 4137 1532 4210 debet.
1607 4137 1695 4205 ltem
1721 4135 1872 4208 maiores
1900 4139 2000 4212 iudu-

283 4237 353 4310 cias
380 4237 485 4312 debet
517 4237 647 4314 babere
680 4253 839 4311 remotus
875 4265 979 4336 quam
1014 4242 1215 4336 proximus,
1258 4254 1294 4314 et
1319 4242 1468 4334 maiqrcs
1500 4262 1570 4309 uno
1597 4248 1756 4332 tempore
1786 4263 1894 4337 quam
1918 4240 1999 4314 reli·
2019 4261 2050 4312 35

283 4366 366 4440 quo.
433 4343 479 4414 Et
504 4339 590 4414 baec
616 4343 732 4414 omnia
765 4341 801 4410 in
834 4339 1059 4414 citationibus
1090 4353 1126 4414 et
1154 4353 1231 4416 toto
1261 4343 1401 4436 negotio
1428 4350 1512 4412 sunt
1538 4336 1761 4410 attendenda.
1829 4341 2002 4442 Exempla

324 4693 382 4779 20)
423 4701 636 4780 metretarum.
657 4731 698 4744 -·
724 4695 863 4762 Melius:
884 4698 1103 4762 ”constitutio
1173 4696 1311 4762 „iudicis
1339 4693 1404 4762 hoc
1433 4694 1556 4778 scripsi
1584 4703 1617 4760 et
1645 4692 1813 4778 publicari
1841 4707 1874 4762 et
1903 4699 1999 4784 signo

283 4797 355 4862 „ni”
372 4803 432 4875 (sc.
449 4797 572 4870 nuntii.)
1177 4819 1272 4864 nmen
1288 4798 1427 4883 signari.
1443 4797 1518 4872 Quo
1532 4794 1619 4862 sacto
1635 4797 1717 4861 etc.”

324 4901 384 4984 al)
426 4897 465 4964 B.
480 4897 672 4983 ”publicavi
693 4896 760 4964 hoo
775 4897 915 4964 statim.”
943 4933 985 4946 -·
1015 4898 1104 4966 Scri-
1215 4899 1274 4982 22)
1317 4908 1384 4964 teta.
1414 4933 1455 4946 -
1484 4899 1524 4964 B.
1556 4897 1751 4983 ”sapistoi‘
1775 4899 1998 4983 (superista.)

282 5001 426 5068 bendum
440 5001 602 5068 sortasse:
622 4999 816 5086 »publicari
847 4999 921 5068 lloo
934 4998 1024 5067 iacto
1039 5010 1105 5068 sta·
1173 5001 1388 5068 -Fortasse
1404 5001 1631 5068 scribendum:
1648 5019 1774 5084 „supra
1788 5000 1907 5066 dicto.”

283 5103 390 5168 „tim”
1218 5102 1277 5188 ι23)
1317 5109 1449 5189 soritas.
1465 5125 1507 5152 -ὲ-
1522 5101 1560 5166 Β.
1576 5097 1769 5167 „falcibus”
2017 5128 2033 5178 5

367 5209 504 5270 Danant.
519 5227 565 5288 sp.
581 5205 637 5272 lib.
652 5211 684 5274 2.
706 5225 739 5289 p·
756 5205 786 5271 1.
807 5202 853 5270 tit.
868 5203 911 5268 de
927 5204 1014 5270 citat.
1030 5203 1060 5289 §.
1074 5203 1107 5268 4.
1217 5204 1279 5288 24)
1321 5211 1410 5271 ιιιίιιιι.
1427 5242 1468 5254 -
1482 5203 1521 5269 Β.
1537 5205 1655 5271 „una”

283 5321 371 5375 num.
386 5306 418 5374 9.
433 5305 505 5376 »bis
519 5306 651 5376 interint
673 5317 706 5373 et
719 5309 762 5374 da
777 5307 933 5374 mandato
949 5305 1108 5390 praedicti

1705 5389 1799 5467 *aa
1931 5318 1940 5338 l
