<?xml version="1.0" encoding="UTF-8"?>
<!DOCTYPE html PUBLIC "-//W3C//DTD XHTML 1.0 Transitional//EN"
    "http://www.w3.org/TR/xhtml1/DTD/xhtml1-transitional.dtd">
<html xmlns="http://www.w3.org/1999/xhtml" xml:lang="en" lang="en">
 <head>
  <title>
</title>
<meta http-equiv="Content-Type" content="text/html;charset=utf-8" />
  <meta name='ocr-system' content='tesseract 3.04.00' />
  <meta name='ocr-capabilities' content='ocr_page ocr_carea ocr_par ocr_line ocrx_word'/>
</head>
<body>
  <div class='ocr_page' id='page_1' title='image "./piliitancredigr00aretgoog_0214.png"; bbox 0 0 4812 5962; ppageno 0'>
   <div class='ocr_carea' id='block_1_1' title="bbox 516 506 1809 598">
    <p class='ocr_par' dir='ltr' id='par_1_1' title="bbox 516 506 1809 598">
     <span class='ocr_line' id='line_1_1' title="bbox 516 506 1809 598; baseline 0.002 -24"><span class='ocrx_word' id='word_1_1' title='bbox 516 509 577 575; x_wconf 82' lang='lat' dir='ltr'><strong>Tit.</strong></span> <span class='ocrx_word' id='word_1_2' title='bbox 592 508 645 572; x_wconf 88' lang='grc'><strong>21.</strong></span> <span class='ocrx_word' id='word_1_3' title='bbox 673 507 726 573; x_wconf 89' lang='lat' dir='ltr'><strong>De</strong></span> <span class='ocrx_word' id='word_1_4' title='bbox 742 507 1071 592; x_wconf 80' lang='lat' dir='ltr'><strong>interrogationibus,</strong></span> <span class='ocrx_word' id='word_1_5' title='bbox 1087 527 1171 594; x_wconf 84' lang='lat' dir='ltr'><strong>quae</strong></span> <span class='ocrx_word' id='word_1_6' title='bbox 1187 506 1269 582; x_wconf 82' lang='lat' dir='ltr'><strong>flant</strong></span> <span class='ocrx_word' id='word_1_7' title='bbox 1282 519 1358 578; x_wconf 91' lang='lat' dir='ltr'><strong>ante</strong></span> <span class='ocrx_word' id='word_1_8' title='bbox 1371 508 1463 578; x_wconf 86' lang='lat' dir='ltr'><strong>litem</strong></span> <span class='ocrx_word' id='word_1_9' title='bbox 1479 520 1703 578; x_wconf 88' lang='lat' dir='ltr'><strong>contestatam.</strong></span> <span class='ocrx_word' id='word_1_10' title='bbox 1734 511 1764 598; x_wconf 83' lang='lat'><strong>§.</strong></span> <span class='ocrx_word' id='word_1_11' title='bbox 1780 514 1809 577; x_wconf 98' lang='grc'><strong>2.</strong></span> 
     </span>
    </p>
   </div>
   <div class='ocr_carea' id='block_1_2' title="bbox 1964 514 2026 582">
    <p class='ocr_par' dir='ltr' id='par_1_2' title="bbox 1964 514 2026 582">
     <span class='ocr_line' id='line_1_2' title="bbox 1964 514 2026 582; baseline 0.016 -1"><span class='ocrx_word' id='word_1_12' title='bbox 1964 514 2026 582; x_wconf 81' lang='grc'><strong>195</strong></span> 
     </span>
    </p>
   </div>
   <div class='ocr_carea' id='block_1_3' title="bbox 299 697 2021 1010">
    <p class='ocr_par' dir='ltr' id='par_1_3' title="bbox 299 697 2021 1010">
     <span class='ocr_line' id='line_1_3' title="bbox 401 697 2021 800; baseline 0.001 -26"><span class='ocrx_word' id='word_1_13' title='bbox 401 703 447 774; x_wconf 87' lang='lat' dir='ltr'><strong>Et</strong></span> <span class='ocrx_word' id='word_1_14' title='bbox 470 701 525 774; x_wconf 86' lang='lat' dir='ltr'><strong>hic</strong></span> <span class='ocrx_word' id='word_1_15' title='bbox 551 698 744 772; x_wconf 88' lang='lat' dir='ltr'><strong>notandum</strong></span> <span class='ocrx_word' id='word_1_16' title='bbox 768 709 842 792; x_wconf 89' lang='lat' dir='ltr'><strong>est,</strong></span> <span class='ocrx_word' id='word_1_17' title='bbox 884 697 979 798; x_wconf 90' lang='lat' dir='ltr'><strong>quod</strong></span> <span class='ocrx_word' id='word_1_18' title='bbox 1011 699 1071 797; x_wconf 87' lang='lat' dir='ltr'><strong>qai</strong></span> <span class='ocrx_word' id='word_1_19' title='bbox 1106 699 1211 772; x_wconf 80' lang='lat' dir='ltr'><strong>oil&#39;ert</strong></span> <span class='ocrx_word' id='word_1_20' title='bbox 1245 725 1284 772; x_wconf 89' lang='lat' dir='ltr'><strong>se</strong></span> <span class='ocrx_word' id='word_1_21' title='bbox 1317 699 1541 773; x_wconf 86' lang='lat' dir='ltr'><strong>vindicationi</strong></span> <span class='ocrx_word' id='word_1_22' title='bbox 1574 701 1674 773; x_wconf 85' lang='lat' dir='ltr'><strong>sandi</strong></span> <span class='ocrx_word' id='word_1_23' title='bbox 1703 702 1760 774; x_wconf 84' lang='lat' dir='ltr'><strong>rel</strong></span> <span class='ocrx_word' id='word_1_24' title='bbox 1783 703 1928 776; x_wconf 87' lang='lat' dir='ltr'><strong>alterius</strong></span> <span class='ocrx_word' id='word_1_25' title='bbox 1956 709 2021 800; x_wconf 90' lang='lat' dir='ltr'><strong>rei,</strong></span> 
     </span>
     <span class='ocr_line' id='line_1_4' title="bbox 301 801 2021 904; baseline 0.002 -28"><span class='ocrx_word' id='word_1_26' title='bbox 301 829 523 904; x_wconf 86' lang='lat' dir='ltr'><strong>quacumque</strong></span> <span class='ocrx_word' id='word_1_27' title='bbox 544 805 680 875; x_wconf 86' lang='lat' dir='ltr'><strong>actione</strong></span> <span class='ocrx_word' id='word_1_28' title='bbox 703 803 950 894; x_wconf 89' lang='lat' dir='ltr'><strong>conveniatur,</strong></span> <span class='ocrx_word' id='word_1_29' title='bbox 987 827 1064 872; x_wconf 87' lang='lat' dir='ltr'><strong>cum</strong></span> <span class='ocrx_word' id='word_1_30' title='bbox 1090 829 1162 874; x_wconf 91' lang='lat' dir='ltr'><strong>non</strong></span> <span class='ocrx_word' id='word_1_31' title='bbox 1188 801 1389 898; x_wconf 85' lang='lat' dir='ltr'><strong>possideat,</strong></span> <span class='ocrx_word' id='word_1_32' title='bbox 1412 802 1634 875; x_wconf 76' lang='lat' dir='ltr'><strong>damnabitur</strong></span> <span class='ocrx_word' id='word_1_33' title='bbox 1660 804 1703 876; x_wconf 91' lang='lat' dir='ltr'><strong>ad</strong></span> <span class='ocrx_word' id='word_1_34' title='bbox 1731 806 1900 878; x_wconf 79' lang='lat' dir='ltr'><strong>interesse</strong></span> <span class='ocrx_word' id='word_1_35' title='bbox 1926 821 2021 880; x_wconf 83' lang='lat' dir='ltr'><strong>acto·</strong></span> 
     </span>
     <span class='ocr_line' id='line_1_5' title="bbox 299 904 2021 1010; baseline -0.001 -30"><span class='ocrx_word' id='word_1_36' title='bbox 299 910 350 980; x_wconf 86' lang='lat' dir='ltr'><strong>ris</strong></span> <span class='ocrx_word' id='word_1_37' title='bbox 372 907 430 978; x_wconf 79' lang='lat' dir='ltr'><strong>rei</strong></span> <span class='ocrx_word' id='word_1_38' title='bbox 456 907 578 1005; x_wconf 89' lang='lat' dir='ltr'><strong>quanti</strong></span> <span class='ocrx_word' id='word_1_39' title='bbox 597 917 703 976; x_wconf 88' lang='lat' dir='ltr'><strong>actor</strong></span> <span class='ocrx_word' id='word_1_40' title='bbox 730 906 767 974; x_wconf 92' lang='lat' dir='ltr'><strong>in</strong></span> <span class='ocrx_word' id='word_1_41' title='bbox 794 904 890 976; x_wconf 90' lang='lat' dir='ltr'><strong>litem</strong></span> <span class='ocrx_word' id='word_1_42' title='bbox 916 904 1095 996; x_wconf 83' lang='lat' dir='ltr'><strong>iuraverit,</strong></span> <span class='ocrx_word' id='word_1_43' title='bbox 1123 914 1162 975; x_wconf 88' lang='lat' dir='ltr'><strong>ut</strong></span> <span class='ocrx_word' id='word_1_44' title='bbox 1187 905 1265 996; x_wconf 65' lang='grc' dir='ltr'><strong>θὶς.</strong></span> <span class='ocrx_word' id='word_1_45' title='bbox 1293 904 1337 976; x_wconf 92' lang='lat' dir='ltr'><strong>de</strong></span> <span class='ocrx_word' id='word_1_46' title='bbox 1366 906 1414 976; x_wconf 89' lang='lat' dir='ltr'><strong>rei</strong></span> <span class='ocrx_word' id='word_1_47' title='bbox 1441 906 1532 978; x_wconf 83' lang='lat' dir='ltr'><strong>vind.</strong></span> <span class='ocrx_word' id='word_1_48' title='bbox 1549 904 1589 998; x_wconf 76' lang='lat' dir='ltr'><strong>fi,</strong></span> <span class='ocrx_word' id='word_1_49' title='bbox 1609 904 1639 977; x_wconf 92' lang='grc'><strong>1.</strong></span> <span class='ocrx_word' id='word_1_50' title='bbox 1666 907 1692 977; x_wconf 92' lang='grc'><strong>1.</strong></span> <span class='ocrx_word' id='word_1_51' title='bbox 1717 909 1747 977; x_wconf 88' lang='lat' dir='ltr'><strong>si</strong></span> <span class='ocrx_word' id='word_1_52' title='bbox 1773 909 1802 978; x_wconf 91' lang='lat' dir='ltr'><strong>is</strong></span> <span class='ocrx_word' id='word_1_53' title='bbox 1830 910 1903 1005; x_wconf 90' lang='lat' dir='ltr'><strong>qui.</strong></span> <span class='ocrx_word' id='word_1_54' title='bbox 1921 907 1955 981; x_wconf 90' lang='lat'><strong>7.</strong></span> <span class='ocrx_word' id='word_1_55' title='bbox 1973 911 2021 1010; x_wconf 79' lang='lat'><strong>¹²)</strong></span> 
     </span>
    </p>
   </div>
   <div class='ocr_carea' id='block_1_4' title="bbox 298 1003 1186 1106">
    <p class='ocr_par' dir='ltr' id='par_1_4' title="bbox 298 1003 1186 1106">
     <span class='ocr_line' id='line_1_6' title="bbox 298 1003 1186 1106; baseline 0.002 -29"><span class='ocrx_word' id='word_1_56' title='bbox 298 1011 378 1102; x_wconf 57' lang='grc' dir='ltr'><strong>θὶς.</strong></span> <span class='ocrx_word' id='word_1_57' title='bbox 404 1008 449 1082; x_wconf 89' lang='lat' dir='ltr'><strong>de</strong></span> <span class='ocrx_word' id='word_1_58' title='bbox 472 1019 544 1106; x_wconf 88' lang='lat' dir='ltr'><strong>pet.</strong></span> <span class='ocrx_word' id='word_1_59' title='bbox 570 1003 791 1098; x_wconf 81' lang='lat' dir='ltr'><strong>hered.5,5.</strong></span> <span class='ocrx_word' id='word_1_60' title='bbox 822 1006 846 1076; x_wconf 93' lang='grc'><strong>1.</strong></span> <span class='ocrx_word' id='word_1_61' title='bbox 874 1007 936 1103; x_wconf 90' lang='lat' dir='ltr'><strong>qui</strong></span> <span class='ocrx_word' id='word_1_62' title='bbox 961 1031 999 1076; x_wconf 90' lang='lat' dir='ltr'><strong>se</strong></span> <span class='ocrx_word' id='word_1_63' title='bbox 1024 1003 1087 1076; x_wconf 89' lang='lat' dir='ltr'><strong>liti.</strong></span> <span class='ocrx_word' id='word_1_64' title='bbox 1104 1003 1186 1099; x_wconf 68' lang='grc'><strong>45.)</strong></span> 
     </span>
    </p>
   </div>
   <div class='ocr_carea' id='block_1_5' title="bbox 1217 1005 2022 1107">
    <p class='ocr_par' dir='ltr' id='par_1_5' title="bbox 1217 1005 2022 1107">
     <span class='ocr_line' id='line_1_7' title="bbox 1217 1005 2022 1107; baseline 0.01 -30"><span class='ocrx_word' id='word_1_65' title='bbox 1217 1032 1296 1078; x_wconf 87' lang='lat' dir='ltr'><strong>cum</strong></span> <span class='ocrx_word' id='word_1_66' title='bbox 1325 1005 1390 1078; x_wconf 85' lang='lat' dir='ltr'><strong>hac</strong></span> <span class='ocrx_word' id='word_1_67' title='bbox 1410 1006 1656 1101; x_wconf 85' lang='lat' dir='ltr'><strong>distinetione,</strong></span> <span class='ocrx_word' id='word_1_68' title='bbox 1691 1011 1792 1107; x_wconf 87' lang='lat' dir='ltr'><strong>quia,</strong></span> <span class='ocrx_word' id='word_1_69' title='bbox 1827 1011 1855 1082; x_wconf 89' lang='lat' dir='ltr'><strong>si</strong></span> <span class='ocrx_word' id='word_1_70' title='bbox 1882 1013 2022 1105; x_wconf 79' lang='lat' dir='ltr'><strong>ignoret</strong></span> 
     </span>
    </p>
   </div>
   <div class='ocr_carea' id='block_1_6' title="bbox 297 1106 2096 1616">
    <p class='ocr_par' dir='ltr' id='par_1_6' title="bbox 297 1106 2096 1616">
     <span class='ocr_line' id='line_1_8' title="bbox 297 1106 2054 1206; baseline 0.003 -22"><span class='ocrx_word' id='word_1_71' title='bbox 297 1123 400 1188; x_wconf 71' lang='lat' dir='ltr'><strong>actor</strong></span> <span class='ocrx_word' id='word_1_72' title='bbox 424 1135 521 1184; x_wconf 87' lang='lat' dir='ltr'><strong>rcum</strong></span> <span class='ocrx_word' id='word_1_73' title='bbox 548 1135 620 1186; x_wconf 89' lang='lat' dir='ltr'><strong>uon</strong></span> <span class='ocrx_word' id='word_1_74' title='bbox 645 1109 849 1205; x_wconf 86' lang='lat' dir='ltr'><strong>possidere,</strong></span> <span class='ocrx_word' id='word_1_75' title='bbox 885 1133 949 1179; x_wconf 88' lang='lat' dir='ltr'><strong>neo</strong></span> <span class='ocrx_word' id='word_1_76' title='bbox 975 1106 1236 1198; x_wconf 27' lang='lat' dir='ltr'><strong>doioffecisse,</strong></span> <span class='ocrx_word' id='word_1_77' title='bbox 1280 1133 1350 1205; x_wconf 90' lang='lat' dir='ltr'><strong>quo</strong></span> <span class='ocrx_word' id='word_1_78' title='bbox 1380 1109 1495 1180; x_wconf 90' lang='lat' dir='ltr'><strong>minus</strong></span> <span class='ocrx_word' id='word_1_79' title='bbox 1521 1110 1741 1206; x_wconf 80' lang='lat' dir='ltr'><strong>possideret,</strong></span> <span class='ocrx_word' id='word_1_80' title='bbox 1788 1113 2054 1190; x_wconf 74' lang='lat' dir='ltr'><strong>condomare-5</strong></span> 
     </span>
     <span class='ocr_line' id='line_1_9' title="bbox 301 1207 2021 1308; baseline 0.001 -24"><span class='ocrx_word' id='word_1_81' title='bbox 301 1213 367 1284; x_wconf 90' lang='lat' dir='ltr'><strong>dus</strong></span> <span class='ocrx_word' id='word_1_82' title='bbox 394 1210 461 1285; x_wconf 89' lang='lat' dir='ltr'><strong>erit</strong></span> <span class='ocrx_word' id='word_1_83' title='bbox 487 1237 588 1304; x_wconf 87' lang='lat' dir='ltr'><strong>reus,</strong></span> <span class='ocrx_word' id='word_1_84' title='bbox 632 1213 662 1282; x_wconf 90' lang='lat' dir='ltr'><strong>si</strong></span> <span class='ocrx_word' id='word_1_85' title='bbox 688 1211 823 1308; x_wconf 87' lang='lat' dir='ltr'><strong>patitur</strong></span> <span class='ocrx_word' id='word_1_86' title='bbox 859 1235 979 1282; x_wconf 86' lang='lat' dir='ltr'><strong>secum</strong></span> <span class='ocrx_word' id='word_1_87' title='bbox 1013 1207 1112 1282; x_wconf 87' lang='lat' dir='ltr'><strong>litem</strong></span> <span class='ocrx_word' id='word_1_88' title='bbox 1140 1213 1353 1303; x_wconf 73' lang='lat' dir='ltr'><strong>contestar13</strong></span> <span class='ocrx_word' id='word_1_89' title='bbox 1392 1212 1422 1281; x_wconf 89' lang='lat' dir='ltr'><strong>si</strong></span> <span class='ocrx_word' id='word_1_90' title='bbox 1450 1237 1533 1284; x_wconf 84' lang='lat' dir='ltr'><strong>vero</strong></span> <span class='ocrx_word' id='word_1_91' title='bbox 1560 1227 1640 1284; x_wconf 88' lang='lat' dir='ltr'><strong>ante</strong></span> <span class='ocrx_word' id='word_1_92' title='bbox 1665 1213 1762 1285; x_wconf 88' lang='lat' dir='ltr'><strong>litem</strong></span> <span class='ocrx_word' id='word_1_93' title='bbox 1787 1227 2021 1298; x_wconf 76' lang='lat' dir='ltr'><strong>contestatam</strong></span> 
     </span>
     <span class='ocr_line' id='line_1_10' title="bbox 298 1311 2071 1412; baseline 0.002 -26"><span class='ocrx_word' id='word_1_94' title='bbox 298 1316 601 1412; x_wconf 69' lang='lat' dir='ltr'><strong>poenitentem,</strong></span> <span class='ocrx_word' id='word_1_95' title='bbox 628 1325 665 1384; x_wconf 88' lang='lat' dir='ltr'><strong>et</strong></span> <span class='ocrx_word' id='word_1_96' title='bbox 691 1313 786 1384; x_wconf 87' lang='lat' dir='ltr'><strong>dieat</strong></span> <span class='ocrx_word' id='word_1_97' title='bbox 811 1337 850 1382; x_wconf 90' lang='lat' dir='ltr'><strong>se</strong></span> <span class='ocrx_word' id='word_1_98' title='bbox 876 1337 947 1386; x_wconf 92' lang='lat' dir='ltr'><strong>non</strong></span> <span class='ocrx_word' id='word_1_99' title='bbox 974 1311 1176 1407; x_wconf 86' lang='lat' dir='ltr'><strong>possidere,</strong></span> <span class='ocrx_word' id='word_1_100' title='bbox 1209 1323 1244 1382; x_wconf 86' lang='lat' dir='ltr'><strong>et</strong></span> <span class='ocrx_word' id='word_1_101' title='bbox 1270 1311 1450 1405; x_wconf 86' lang='lat' dir='ltr'><strong>discedat,</strong></span> <span class='ocrx_word' id='word_1_102' title='bbox 1485 1339 1558 1384; x_wconf 90' lang='lat' dir='ltr'><strong>non</strong></span> <span class='ocrx_word' id='word_1_103' title='bbox 1581 1314 1712 1412; x_wconf 84' lang='lat' dir='ltr'><strong>decipit</strong></span> <span class='ocrx_word' id='word_1_104' title='bbox 1738 1326 1915 1410; x_wconf 87' lang='lat' dir='ltr'><strong>actorem,</strong></span> <span class='ocrx_word' id='word_1_105' title='bbox 1943 1346 2023 1390; x_wconf 89' lang='lat' dir='ltr'><strong>cum</strong></span> <span class='ocrx_word' id='word_1_106' title='bbox 2064 1335 2071 1348; x_wconf 92' lang='lat'><em>&#39;</em></span> 
     </span>
     <span class='ocr_line' id='line_1_11' title="bbox 301 1412 2022 1513; baseline 0.002 -25"><span class='ocrx_word' id='word_1_107' title='bbox 301 1442 374 1488; x_wconf 91' lang='lat' dir='ltr'><strong>non</strong></span> <span class='ocrx_word' id='word_1_108' title='bbox 398 1416 596 1513; x_wconf 89' lang='lat' dir='ltr'><strong>possideat,</strong></span> <span class='ocrx_word' id='word_1_109' title='bbox 636 1412 699 1486; x_wconf 91' lang='lat' dir='ltr'><strong>sed</strong></span> <span class='ocrx_word' id='word_1_110' title='bbox 731 1416 808 1510; x_wconf 90' lang='lat' dir='ltr'><strong>ipse</strong></span> <span class='ocrx_word' id='word_1_111' title='bbox 841 1424 940 1485; x_wconf 90' lang='lat' dir='ltr'><strong>actor</strong></span> <span class='ocrx_word' id='word_1_112' title='bbox 974 1413 1105 1510; x_wconf 88' lang='lat' dir='ltr'><strong>decipit</strong></span> <span class='ocrx_word' id='word_1_113' title='bbox 1137 1424 1251 1484; x_wconf 89' lang='lat' dir='ltr'><strong>semet</strong></span> <span class='ocrx_word' id='word_1_114' title='bbox 1284 1415 1419 1511; x_wconf 88' lang='lat' dir='ltr'><strong>ipsum,</strong></span> <span class='ocrx_word' id='word_1_115' title='bbox 1463 1416 1544 1513; x_wconf 88' lang='lat' dir='ltr'><strong>quia</strong></span> <span class='ocrx_word' id='word_1_116' title='bbox 1572 1415 1649 1486; x_wconf 81' lang='lat' dir='ltr'><strong>ruit</strong></span> <span class='ocrx_word' id='word_1_117' title='bbox 1675 1416 1849 1490; x_wconf 86' lang='lat' dir='ltr'><strong>vindicare</strong></span> <span class='ocrx_word' id='word_1_118' title='bbox 1875 1445 1949 1498; x_wconf 86' lang='lat' dir='ltr'><strong>rem</strong></span> <span class='ocrx_word' id='word_1_119' title='bbox 1977 1419 2022 1492; x_wconf 86' lang='lat' dir='ltr'><strong>ab</strong></span> 
     </span>
     <span class='ocr_line' id='line_1_12' title="bbox 302 1514 2096 1616; baseline 0.001 -25"><span class='ocrx_word' id='word_1_120' title='bbox 302 1541 365 1612; x_wconf 89' lang='lat' dir='ltr'><strong>eo,</strong></span> <span class='ocrx_word' id='word_1_121' title='bbox 407 1519 610 1616; x_wconf 87' lang='lat' dir='ltr'><strong>quiipsam</strong></span> <span class='ocrx_word' id='word_1_122' title='bbox 637 1543 709 1588; x_wconf 88' lang='lat' dir='ltr'><strong>non</strong></span> <span class='ocrx_word' id='word_1_123' title='bbox 736 1515 914 1613; x_wconf 81' lang='lat' dir='ltr'><strong>possidet,</strong></span> <span class='ocrx_word' id='word_1_124' title='bbox 956 1526 992 1587; x_wconf 92' lang='lat' dir='ltr'><strong>et</strong></span> <span class='ocrx_word' id='word_1_125' title='bbox 1023 1516 1102 1588; x_wconf 90' lang='lat' dir='ltr'><strong>ideo</strong></span> <span class='ocrx_word' id='word_1_126' title='bbox 1128 1540 1210 1594; x_wconf 88' lang='lat' dir='ltr'><strong>reus</strong></span> <span class='ocrx_word' id='word_1_127' title='bbox 1234 1514 1342 1588; x_wconf 89' lang='lat' dir='ltr'><strong>debet</strong></span> <span class='ocrx_word' id='word_1_128' title='bbox 1374 1514 1524 1590; x_wconf 80' lang='lat' dir='ltr'><strong>absolvi.</strong></span> <span class='ocrx_word' id='word_1_129' title='bbox 1551 1530 1592 1590; x_wconf 89' lang='lat' dir='ltr'><strong>ut</strong></span> <span class='ocrx_word' id='word_1_130' title='bbox 1617 1518 1697 1611; x_wconf 65' lang='grc' dir='ltr'><strong>θὶς.</strong></span> <span class='ocrx_word' id='word_1_131' title='bbox 1727 1518 1771 1592; x_wconf 92' lang='lat' dir='ltr'><strong>de</strong></span> <span class='ocrx_word' id='word_1_132' title='bbox 1796 1521 1848 1592; x_wconf 90' lang='lat' dir='ltr'><strong>rei</strong></span> <span class='ocrx_word' id='word_1_133' title='bbox 1876 1521 1970 1592; x_wconf 88' lang='lat' dir='ltr'><strong>vind.</strong></span> <span class='ocrx_word' id='word_1_134' title='bbox 1982 1519 2021 1614; x_wconf 84' lang='lat'><strong>6,</strong></span> <span class='ocrx_word' id='word_1_135' title='bbox 2093 1560 2096 1568; x_wconf 79' lang='lat'><strong>,</strong></span> 
     </span>
    </p>
   </div>
   <div class='ocr_carea' id='block_1_7' title="bbox 306 1613 1052 1718">
    <p class='ocr_par' dir='ltr' id='par_1_7' title="bbox 306 1613 1052 1718">
     <span class='ocr_line' id='line_1_13' title="bbox 306 1613 1052 1718; baseline -0.012 -25"><span class='ocrx_word' id='word_1_136' title='bbox 306 1617 338 1693; x_wconf 97' lang='grc'><strong>1.</strong></span> <span class='ocrx_word' id='word_1_137' title='bbox 364 1620 388 1692; x_wconf 93' lang='grc'><strong>1.</strong></span> <span class='ocrx_word' id='word_1_138' title='bbox 418 1623 448 1692; x_wconf 90' lang='lat' dir='ltr'><strong>is</strong></span> <span class='ocrx_word' id='word_1_139' title='bbox 475 1617 621 1718; x_wconf 49' lang='lat' dir='ltr'><strong>quiid.</strong></span> <span class='ocrx_word' id='word_1_140' title='bbox 648 1629 684 1691; x_wconf 89' lang='lat' dir='ltr'><strong>et</strong></span> <span class='ocrx_word' id='word_1_141' title='bbox 710 1617 735 1687; x_wconf 94' lang='grc'><strong>1.</strong></span> <span class='ocrx_word' id='word_1_142' title='bbox 760 1643 841 1690; x_wconf 86' lang='lat' dir='ltr'><strong>num</strong></span> <span class='ocrx_word' id='word_1_143' title='bbox 867 1613 1052 1714; x_wconf 57' lang='grc'><strong>1121113)</strong></span> 
     </span>
    </p>
   </div>
   <div class='ocr_carea' id='block_1_8' title="bbox 2042 1653 2074 1703">
    <p class='ocr_par' dir='ltr' id='par_1_8' title="bbox 2042 1653 2074 1703">
     <span class='ocr_line' id='line_1_14' title="bbox 2042 1653 2074 1703; baseline 0.094 -3"><span class='ocrx_word' id='word_1_144' title='bbox 2042 1653 2074 1703; x_wconf 85' lang='lat' dir='ltr'><strong>to</strong></span> 
     </span>
    </p>
   </div>
   <div class='ocr_carea' id='block_1_9' title="bbox 298 1719 2023 2126">
    <p class='ocr_par' dir='ltr' id='par_1_9' title="bbox 298 1719 2023 2126">
     <span class='ocr_line' id='line_1_15' title="bbox 401 1719 2022 1818; baseline 0.001 -22"><span class='ocrx_word' id='word_1_145' title='bbox 401 1725 490 1796; x_wconf 85' lang='lat' dir='ltr'><strong>ltam</strong></span> <span class='ocrx_word' id='word_1_146' title='bbox 518 1735 624 1813; x_wconf 88' lang='lat' dir='ltr'><strong>nota,</strong></span> <span class='ocrx_word' id='word_1_147' title='bbox 667 1719 838 1818; x_wconf 87' lang='lat' dir='ltr'><strong>quadis,</strong></span> <span class='ocrx_word' id='word_1_148' title='bbox 879 1720 940 1816; x_wconf 88' lang='lat' dir='ltr'><strong>qui</strong></span> <span class='ocrx_word' id='word_1_149' title='bbox 969 1719 1151 1815; x_wconf 82' lang='lat' dir='ltr'><strong>possidet,</strong></span> <span class='ocrx_word' id='word_1_150' title='bbox 1193 1743 1266 1790; x_wconf 89' lang='lat' dir='ltr'><strong>non</strong></span> <span class='ocrx_word' id='word_1_151' title='bbox 1298 1719 1524 1816; x_wconf 86' lang='lat' dir='ltr'><strong>compellitur</strong></span> <span class='ocrx_word' id='word_1_152' title='bbox 1559 1723 1631 1817; x_wconf 87' lang='lat' dir='ltr'><strong>pati</strong></span> <span class='ocrx_word' id='word_1_153' title='bbox 1666 1723 1839 1796; x_wconf 83' lang='lat' dir='ltr'><strong>actionem</strong></span> <span class='ocrx_word' id='word_1_154' title='bbox 1870 1725 1906 1794; x_wconf 93' lang='lat' dir='ltr'><strong>iu</strong></span> <span class='ocrx_word' id='word_1_155' title='bbox 1934 1751 2022 1818; x_wconf 88' lang='lat' dir='ltr'><strong>rem,</strong></span> 
     </span>
     <span class='ocr_line' id='line_1_16' title="bbox 298 1820 2023 1924; baseline -0.001 -26"><span class='ocrx_word' id='word_1_156' title='bbox 298 1824 454 1898; x_wconf 79' lang='lat' dir='ltr'><strong>sidicat</strong></span> <span class='ocrx_word' id='word_1_157' title='bbox 480 1851 517 1896; x_wconf 91' lang='lat' dir='ltr'><strong>se</strong></span> <span class='ocrx_word' id='word_1_158' title='bbox 543 1850 613 1896; x_wconf 91' lang='lat' dir='ltr'><strong>non</strong></span> <span class='ocrx_word' id='word_1_159' title='bbox 639 1823 836 1920; x_wconf 89' lang='lat' dir='ltr'><strong>possidere,</strong></span> <span class='ocrx_word' id='word_1_160' title='bbox 866 1821 928 1892; x_wconf 91' lang='lat' dir='ltr'><strong>sed</strong></span> <span class='ocrx_word' id='word_1_161' title='bbox 958 1822 995 1890; x_wconf 91' lang='lat' dir='ltr'><strong>in</strong></span> <span class='ocrx_word' id='word_1_162' title='bbox 1018 1820 1086 1894; x_wconf 90' lang='lat' dir='ltr'><strong>hoe</strong></span> <span class='ocrx_word' id='word_1_163' title='bbox 1110 1823 1278 1918; x_wconf 88' lang='lat' dir='ltr'><strong>punitur,</strong></span> <span class='ocrx_word' id='word_1_164' title='bbox 1305 1823 1401 1919; x_wconf 89' lang='lat' dir='ltr'><strong>qnia,</strong></span> <span class='ocrx_word' id='word_1_165' title='bbox 1428 1823 1458 1892; x_wconf 91' lang='lat' dir='ltr'><strong>si</strong></span> <span class='ocrx_word' id='word_1_166' title='bbox 1485 1834 1586 1896; x_wconf 84' lang='lat' dir='ltr'><strong>actor</strong></span> <span class='ocrx_word' id='word_1_167' title='bbox 1607 1823 1814 1921; x_wconf 86' lang='lat' dir='ltr'><strong>probaverit</strong></span> <span class='ocrx_word' id='word_1_168' title='bbox 1835 1851 1914 1896; x_wconf 89' lang='lat' dir='ltr'><strong>eum</strong></span> <span class='ocrx_word' id='word_1_169' title='bbox 1940 1853 2023 1924; x_wconf 90' lang='lat' dir='ltr'><strong>pos·</strong></span> 
     </span>
     <span class='ocr_line' id='line_1_17' title="bbox 303 1923 2023 2024; baseline 0.002 -26"><span class='ocrx_word' id='word_1_170' title='bbox 303 1926 429 2020; x_wconf 85' lang='lat' dir='ltr'><strong>sidere,</strong></span> <span class='ocrx_word' id='word_1_171' title='bbox 459 1927 521 2024; x_wconf 88' lang='lat' dir='ltr'><strong>qui</strong></span> <span class='ocrx_word' id='word_1_172' title='bbox 536 1925 720 2021; x_wconf 89' lang='lat' dir='ltr'><strong>respondit</strong></span> <span class='ocrx_word' id='word_1_173' title='bbox 737 1951 775 1996; x_wconf 91' lang='lat' dir='ltr'><strong>se</strong></span> <span class='ocrx_word' id='word_1_174' title='bbox 790 1924 837 2021; x_wconf 78' lang='lat'><strong>¹4)</strong></span> <span class='ocrx_word' id='word_1_175' title='bbox 866 1949 939 1994; x_wconf 91' lang='lat' dir='ltr'><strong>non</strong></span> <span class='ocrx_word' id='word_1_176' title='bbox 968 1923 1167 2019; x_wconf 88' lang='lat' dir='ltr'><strong>possidere,</strong></span> <span class='ocrx_word' id='word_1_177' title='bbox 1193 1924 1406 1995; x_wconf 82' lang='lat' dir='ltr'><strong>transfertur</strong></span> <span class='ocrx_word' id='word_1_178' title='bbox 1426 1927 1610 2021; x_wconf 84' lang='lat' dir='ltr'><strong>possessio</strong></span> <span class='ocrx_word' id='word_1_179' title='bbox 1637 1928 1687 1997; x_wconf 91' lang='lat' dir='ltr'><strong>rei</strong></span> <span class='ocrx_word' id='word_1_180' title='bbox 1713 1929 1842 2024; x_wconf 86' lang='lat' dir='ltr'><strong>petitae</strong></span> <span class='ocrx_word' id='word_1_181' title='bbox 1867 1928 1902 1996; x_wconf 91' lang='lat' dir='ltr'><strong>in</strong></span> <span class='ocrx_word' id='word_1_182' title='bbox 1928 1941 2023 2002; x_wconf 88' lang='lat' dir='ltr'><strong>aeto·</strong></span> 
     </span>
     <span class='ocr_line' id='line_1_18' title="bbox 303 2019 2023 2126; baseline 0.003 -28"><span class='ocrx_word' id='word_1_183' title='bbox 303 2054 376 2100; x_wconf 91' lang='lat' dir='ltr'><strong>rem</strong></span> <span class='ocrx_word' id='word_1_184' title='bbox 407 2031 521 2126; x_wconf 90' lang='lat' dir='ltr'><strong>ipsum</strong></span> <span class='ocrx_word' id='word_1_185' title='bbox 553 2027 673 2100; x_wconf 88' lang='lat' dir='ltr'><strong>indicis</strong></span> <span class='ocrx_word' id='word_1_186' title='bbox 705 2027 845 2119; x_wconf 81' lang='lat' dir='ltr'><strong>officio,</strong></span> <span class='ocrx_word' id='word_1_187' title='bbox 886 2027 1045 2124; x_wconf 86' lang='lat' dir='ltr'><strong>quamvis</strong></span> <span class='ocrx_word' id='word_1_188' title='bbox 1079 2050 1152 2098; x_wconf 88' lang='lat' dir='ltr'><strong>non</strong></span> <span class='ocrx_word' id='word_1_189' title='bbox 1185 2019 1315 2124; x_wconf 82' lang='lat' dir='ltr'><strong>probet</strong></span> <span class='ocrx_word' id='word_1_190' title='bbox 1348 2052 1424 2100; x_wconf 89' lang='lat' dir='ltr'><strong>rem</strong></span> <span class='ocrx_word' id='word_1_191' title='bbox 1457 2052 1558 2100; x_wconf 87' lang='lat' dir='ltr'><strong>suam</strong></span> <span class='ocrx_word' id='word_1_192' title='bbox 1589 2051 1679 2100; x_wconf 86' lang='lat' dir='ltr'><strong>esse.</strong></span> <span class='ocrx_word' id='word_1_193' title='bbox 1713 2039 1755 2101; x_wconf 85' lang='lat' dir='ltr'><strong>ut</strong></span> <span class='ocrx_word' id='word_1_194' title='bbox 1781 2030 1861 2122; x_wconf 75' lang='lat' dir='ltr'><strong>aig.</strong></span> <span class='ocrx_word' id='word_1_195' title='bbox 1895 2028 1941 2104; x_wconf 93' lang='lat' dir='ltr'><strong>de</strong></span> <span class='ocrx_word' id='word_1_196' title='bbox 1971 2033 2023 2105; x_wconf 89' lang='lat' dir='ltr'><strong>rei</strong></span> 
     </span>
    </p>
   </div>
   <div class='ocr_carea' id='block_1_10' title="bbox 304 2127 779 2227">
    <p class='ocr_par' dir='ltr' id='par_1_10' title="bbox 304 2127 779 2227">
     <span class='ocr_line' id='line_1_19' title="bbox 304 2127 779 2227; baseline 0.004 -27"><span class='ocrx_word' id='word_1_197' title='bbox 304 2130 399 2201; x_wconf 84' lang='lat' dir='ltr'><strong>vind.</strong></span> <span class='ocrx_word' id='word_1_198' title='bbox 416 2130 454 2222; x_wconf 82' lang='lat'><strong>6,</strong></span> <span class='ocrx_word' id='word_1_199' title='bbox 471 2127 504 2202; x_wconf 92' lang='grc'><strong>1.</strong></span> <span class='ocrx_word' id='word_1_200' title='bbox 529 2129 553 2200; x_wconf 93' lang='grc'><strong>1.</strong></span> <span class='ocrx_word' id='word_1_201' title='bbox 580 2128 711 2227; x_wconf 83' lang='lat' dir='ltr'><strong>penult·</strong></span> <span class='ocrx_word' id='word_1_202' title='bbox 730 2127 779 2226; x_wconf 73' lang='lat' dir='ltr'><strong>l5)</strong></span> 
     </span>
    </p>
   </div>
   <div class='ocr_carea' id='block_1_11' title="bbox 304 2479 1129 2774">
    <p class='ocr_par' dir='ltr' id='par_1_11' title="bbox 304 2479 1129 2774">
     <span class='ocr_line' id='line_1_20' title="bbox 304 2479 1129 2570; baseline -0.004 -20"><span class='ocrx_word' id='word_1_203' title='bbox 304 2495 417 2570; x_wconf 73' lang='lat' dir='ltr'><strong>aparte</strong></span> <span class='ocrx_word' id='word_1_204' title='bbox 442 2507 459 2538; x_wconf 68' lang='lat' dir='ltr'><strong>e</strong></span> <span class='ocrx_word' id='word_1_205' title='bbox 484 2501 511 2548; x_wconf 72' lang='lat' dir='ltr'><strong>s,</strong></span> <span class='ocrx_word' id='word_1_206' title='bbox 527 2483 579 2550; x_wconf 66' lang='lat'><strong>32⁹</strong></span> <span class='ocrx_word' id='word_1_207' title='bbox 595 2483 753 2568; x_wconf 83' lang='lat' dir='ltr'><strong>(Gregor.</strong></span> <span class='ocrx_word' id='word_1_208' title='bbox 768 2479 813 2562; x_wconf 84' lang='grc'><strong>9.)</strong></span> <span class='ocrx_word' id='word_1_209' title='bbox 837 2481 898 2548; x_wconf 73' lang='lat' dir='ltr'><strong>„Et</strong></span> <span class='ocrx_word' id='word_1_210' title='bbox 911 2481 955 2547; x_wconf 90' lang='lat' dir='ltr'><strong>ad</strong></span> <span class='ocrx_word' id='word_1_211' title='bbox 969 2481 1034 2548; x_wconf 91' lang='lat' dir='ltr'><strong>hoo</strong></span> <span class='ocrx_word' id='word_1_212' title='bbox 1050 2479 1129 2547; x_wconf 80' lang='lat' dir='ltr'><strong>iacit</strong></span> 
     </span>
     <span class='ocr_line' id='line_1_21' title="bbox 305 2583 1128 2674; baseline -0.005 -21"><span class='ocrx_word' id='word_1_213' title='bbox 305 2587 400 2674; x_wconf 57' lang='lat' dir='ltr'><strong>„Diu</strong></span> <span class='ocrx_word' id='word_1_214' title='bbox 416 2589 459 2653; x_wconf 90' lang='lat' dir='ltr'><strong>ad</strong></span> <span class='ocrx_word' id='word_1_215' title='bbox 473 2586 635 2652; x_wconf 89' lang='lat' dir='ltr'><strong>Velleian.</strong></span> <span class='ocrx_word' id='word_1_216' title='bbox 655 2586 704 2666; x_wconf 83' lang='lat'><strong>16,</strong></span> <span class='ocrx_word' id='word_1_217' title='bbox 721 2588 749 2648; x_wconf 85' lang='lat' dir='ltr'><strong>t.</strong></span> <span class='ocrx_word' id='word_1_218' title='bbox 771 2583 794 2650; x_wconf 93' lang='grc'><strong>1.</strong></span> <span class='ocrx_word' id='word_1_219' title='bbox 816 2585 846 2650; x_wconf 89' lang='lat' dir='ltr'><strong>si</strong></span> <span class='ocrx_word' id='word_1_220' title='bbox 859 2583 977 2650; x_wconf 91' lang='lat' dir='ltr'><strong>mulier</strong></span> <span class='ocrx_word' id='word_1_221' title='bbox 991 2587 1128 2650; x_wconf 89' lang='lat' dir='ltr'><strong>interro-</strong></span> 
     </span>
     <span class='ocr_line' id='line_1_22' title="bbox 306 2687 723 2774; baseline -0.007 -20"><span class='ocrx_word' id='word_1_222' title='bbox 306 2701 403 2774; x_wconf 73' lang='lat' dir='ltr'><strong>“gata</strong></span> <span class='ocrx_word' id='word_1_223' title='bbox 415 2689 642 2774; x_wconf 51' lang='lat' dir='ltr'><strong>responderit.»</strong></span> <span class='ocrx_word' id='word_1_224' title='bbox 651 2687 723 2752; x_wconf 67' lang='lat'><strong>232·</strong></span> 
     </span>
    </p>
   </div>
   <div class='ocr_carea' id='block_1_12' title="bbox 2041 2155 2073 2204">
    <p class='ocr_par' dir='ltr' id='par_1_12' title="bbox 2041 2155 2073 2204">
     <span class='ocr_line' id='line_1_23' title="bbox 2041 2155 2073 2204; baseline -0.031 0"><span class='ocrx_word' id='word_1_225' title='bbox 2041 2155 2073 2204; x_wconf 78' lang='lat'><strong>15</strong></span> 
     </span>
    </p>
   </div>
   <div class='ocr_carea' id='block_1_13' title="bbox 1199 2481 2022 2774">
    <p class='ocr_par' dir='ltr' id='par_1_13' title="bbox 1199 2481 2022 2774">
     <span class='ocr_line' id='line_1_24' title="bbox 1199 2481 2022 2568; baseline 0.002 -20"><span class='ocrx_word' id='word_1_226' title='bbox 1199 2481 1433 2548; x_wconf 71' lang='lat' dir='ltr'><strong>»restitutionis</strong></span> <span class='ocrx_word' id='word_1_227' title='bbox 1455 2484 1488 2547; x_wconf 91' lang='lat' dir='ltr'><strong>in</strong></span> <span class='ocrx_word' id='word_1_228' title='bbox 1509 2483 1682 2568; x_wconf 81' lang='lat' dir='ltr'><strong>integrum.</strong></span> <span class='ocrx_word' id='word_1_229' title='bbox 1697 2493 1733 2549; x_wconf 89' lang='lat' dir='ltr'><strong>ut</strong></span> <span class='ocrx_word' id='word_1_230' title='bbox 1748 2481 1830 2549; x_wconf 83' lang='lat' dir='ltr'><strong>Cod.</strong></span> <span class='ocrx_word' id='word_1_231' title='bbox 1846 2487 1876 2551; x_wconf 89' lang='lat' dir='ltr'><strong>si</strong></span> <span class='ocrx_word' id='word_1_232' title='bbox 1892 2486 1967 2552; x_wconf 86' lang='lat' dir='ltr'><strong>min.</strong></span> <span class='ocrx_word' id='word_1_233' title='bbox 1984 2505 2022 2552; x_wconf 92' lang='lat' dir='ltr'><strong>se</strong></span> 
     </span>
     <span class='ocr_line' id='line_1_25' title="bbox 1199 2585 1669 2664; baseline -0.004 -13"><span class='ocrx_word' id='word_1_234' title='bbox 1199 2587 1293 2652; x_wconf 66' lang='lat' dir='ltr'><strong>amai.</strong></span> <span class='ocrx_word' id='word_1_235' title='bbox 1310 2587 1374 2650; x_wconf 87' lang='lat' dir='ltr'><strong>dix.</strong></span> <span class='ocrx_word' id='word_1_236' title='bbox 1391 2586 1422 2664; x_wconf 88' lang='grc'><strong>2,</strong></span> <span class='ocrx_word' id='word_1_237' title='bbox 1438 2585 1492 2649; x_wconf 88' lang='grc'><strong>43.</strong></span> <span class='ocrx_word' id='word_1_238' title='bbox 1508 2585 1529 2650; x_wconf 91' lang='grc'><strong>1.</strong></span> <span class='ocrx_word' id='word_1_239' title='bbox 1545 2587 1576 2649; x_wconf 94' lang='grc'><strong>4.</strong></span> <span class='ocrx_word' id='word_1_240' title='bbox 1593 2585 1669 2664; x_wconf 85' lang='grc'><strong>(3.)”</strong></span> 
     </span>
     <span class='ocr_line' id='line_1_26' title="bbox 1207 2684 2022 2774; baseline 0.002 -22"><span class='ocrx_word' id='word_1_241' title='bbox 1207 2707 1209 2712; x_wconf 94' lang='grc'><strong><em>·</em></strong></span> <span class='ocrx_word' id='word_1_242' title='bbox 1242 2687 1300 2765; x_wconf 87' lang='grc'><strong>14)</strong></span> <span class='ocrx_word' id='word_1_243' title='bbox 1343 2691 1503 2766; x_wconf 78' lang='lat' dir='ltr'><strong>respoudit</strong></span> <span class='ocrx_word' id='word_1_244' title='bbox 1515 2709 1560 2752; x_wconf 79' lang='lat' dir='ltr'><strong>ae.</strong></span> <span class='ocrx_word' id='word_1_245' title='bbox 1576 2684 1674 2772; x_wconf 80' lang='lat' dir='ltr'><strong>Vulg.</strong></span> <span class='ocrx_word' id='word_1_246' title='bbox 1687 2723 1728 2734; x_wconf 87' lang='lat'>-</span> <span class='ocrx_word' id='word_1_247' title='bbox 1739 2684 1793 2752; x_wconf 82' lang='lat' dir='ltr'><strong>At.</strong></span> <span class='ocrx_word' id='word_1_248' title='bbox 1809 2707 1868 2754; x_wconf 76' lang='lat' dir='ltr'><strong>nse</strong></span> <span class='ocrx_word' id='word_1_249' title='bbox 1882 2709 2022 2774; x_wconf 89' lang='lat' dir='ltr'><strong>respon-</strong></span> 
     </span>
    </p>
   </div>
   <div class='ocr_carea' id='block_1_14' title="bbox 348 2753 1440 2874">
    <p class='ocr_par' dir='ltr' id='par_1_14' title="bbox 348 2753 1440 2874">
     <span class='ocr_line' id='line_1_27' title="bbox 348 2753 1440 2874; baseline -0.003 -17"><span class='ocrx_word' id='word_1_250' title='bbox 348 2791 404 2874; x_wconf 88' lang='grc'><strong>12)</strong></span> <span class='ocrx_word' id='word_1_251' title='bbox 448 2797 470 2856; x_wconf 89' lang='lat' dir='ltr'><strong>t.</strong></span> <span class='ocrx_word' id='word_1_252' title='bbox 485 2799 515 2856; x_wconf 76' lang='lat' dir='ltr'><strong>st</strong></span> <span class='ocrx_word' id='word_1_253' title='bbox 527 2799 556 2854; x_wconf 81' lang='lat' dir='ltr'><strong>ta</strong></span> <span class='ocrx_word' id='word_1_254' title='bbox 570 2797 630 2873; x_wconf 81' lang='lat' dir='ltr'><strong>qni.</strong></span> <span class='ocrx_word' id='word_1_255' title='bbox 655 2785 722 2866; x_wconf 82' lang='lat' dir='ltr'><strong>(Gi.</strong></span> <span class='ocrx_word' id='word_1_256' title='bbox 740 2789 845 2853; x_wconf 80' lang='lat' dir='ltr'><strong>Glosa.</strong></span> <span class='ocrx_word' id='word_1_257' title='bbox 860 2753 895 2852; x_wconf 91' lang='lat' dir='ltr'><strong>in</strong></span> <span class='ocrx_word' id='word_1_258' title='bbox 908 2809 941 2854; x_wconf 85' lang='lat' dir='ltr'><strong>v.</strong></span> <span class='ocrx_word' id='word_1_259' title='bbox 957 2769 1130 2852; x_wconf 81' lang='lat' dir='ltr'><strong>damnatus</strong></span> <span class='ocrx_word' id='word_1_260' title='bbox 1199 2789 1286 2856; x_wconf 89' lang='lat' dir='ltr'><strong>det.&#39;&#39;</strong></span> <span class='ocrx_word' id='word_1_261' title='bbox 1302 2787 1340 2852; x_wconf 91' lang='grc' dir='ltr'><strong>Β.</strong></span> <span class='ocrx_word' id='word_1_262' title='bbox 1356 2787 1394 2851; x_wconf 89' lang='lat' dir='ltr'><strong>L.</strong></span> <span class='ocrx_word' id='word_1_263' title='bbox 1410 2794 1440 2854; x_wconf 79' lang='lat'><strong>2.</strong></span> 
     </span>
    </p>
   </div>
   <div class='ocr_carea' id='block_1_15' title="bbox 306 2889 948 2974">
    <p class='ocr_par' dir='ltr' id='par_1_15' title="bbox 306 2889 948 2974">
     <span class='ocr_line' id='line_1_28' title="bbox 306 2889 948 2974; baseline -0.003 -18"><span class='ocrx_word' id='word_1_264' title='bbox 306 2897 383 2972; x_wconf 88' lang='lat' dir='ltr'><strong>est.)</strong></span> <span class='ocrx_word' id='word_1_265' title='bbox 398 2927 440 2938; x_wconf 87' lang='lat'><em>-</em></span> <span class='ocrx_word' id='word_1_266' title='bbox 454 2889 507 2956; x_wconf 81' lang='lat' dir='ltr'><strong>ltt.</strong></span> <span class='ocrx_word' id='word_1_267' title='bbox 524 2893 552 2956; x_wconf 91' lang='lat'><strong>1.</strong></span> <span class='ocrx_word' id='word_1_268' title='bbox 567 2891 598 2956; x_wconf 89' lang='grc'><strong>2.</strong></span> <span class='ocrx_word' id='word_1_269' title='bbox 614 2889 654 2954; x_wconf 69' lang='lat' dir='ltr'><strong>nl.</strong></span> <span class='ocrx_word' id='word_1_270' title='bbox 667 2891 698 2956; x_wconf 87' lang='lat' dir='ltr'><strong>is</strong></span> <span class='ocrx_word' id='word_1_271' title='bbox 714 2892 768 2974; x_wconf 88' lang='lat' dir='ltr'><strong>qui</strong></span> <span class='ocrx_word' id='word_1_272' title='bbox 790 2918 810 2953; x_wconf 70' lang='lat' dir='ltr'><strong>s</strong></span> <span class='ocrx_word' id='word_1_273' title='bbox 832 2919 863 2954; x_wconf 70' lang='lat' dir='ltr'><strong>s.</strong></span> <span class='ocrx_word' id='word_1_274' title='bbox 878 2889 948 2954; x_wconf 67' lang='lat'><strong>252³</strong></span> 
     </span>
    </p>
   </div>
   <div class='ocr_carea' id='block_1_16' title="bbox 1242 2887 2056 2977">
    <p class='ocr_par' dir='ltr' id='par_1_16' title="bbox 1242 2887 2056 2977">
     <span class='ocr_line' id='line_1_29' title="bbox 1242 2887 2056 2977; baseline 0.005 -23"><span class='ocrx_word' id='word_1_275' title='bbox 1242 2889 1298 2972; x_wconf 91' lang='lat'><strong>15)</strong></span> <span class='ocrx_word' id='word_1_276' title='bbox 1341 2893 1360 2951; x_wconf 87' lang='grc'><strong>1.</strong></span> <span class='ocrx_word' id='word_1_277' title='bbox 1373 2891 1553 2970; x_wconf 67' lang='lat' dir='ltr'><strong>perstulte</strong></span> <span class='ocrx_word' id='word_1_278' title='bbox 1568 2890 1665 2955; x_wconf 91' lang='lat' dir='ltr'><strong>codd.</strong></span> <span class='ocrx_word' id='word_1_279' title='bbox 1678 2889 1714 2954; x_wconf 88' lang='lat' dir='ltr'><strong>T.</strong></span> <span class='ocrx_word' id='word_1_280' title='bbox 1737 2899 1770 2956; x_wconf 90' lang='lat' dir='ltr'><strong>et</strong></span> <span class='ocrx_word' id='word_1_281' title='bbox 1784 2887 1932 2977; x_wconf 85' lang='lat' dir='ltr'><strong>plerique</strong></span> <span class='ocrx_word' id='word_1_282' title='bbox 1948 2892 2022 2958; x_wconf 74' lang='lat' dir='ltr'><strong>Bit.</strong></span> <span class='ocrx_word' id='word_1_283' title='bbox 2041 2909 2056 2958; x_wconf 86' lang='lat'>5</span> 
     </span>
    </p>
   </div>
   <div class='ocr_carea' id='block_1_17' title="bbox 301 2988 2023 3078">
    <p class='ocr_par' dir='ltr' id='par_1_17' title="bbox 301 2988 2023 3078">
     <span class='ocr_line' id='line_1_30' title="bbox 301 2988 2023 3078; baseline 0.001 -22"><span class='ocrx_word' id='word_1_284' title='bbox 301 3056 326 3064; x_wconf 79' lang='lat'><strong>..</strong></span> <span class='ocrx_word' id='word_1_285' title='bbox 390 2991 561 3073; x_wconf 87' lang='lat' dir='ltr'><strong>Ceterum,</strong></span> <span class='ocrx_word' id='word_1_286' title='bbox 591 2991 742 3078; x_wconf 89' lang='lat' dir='ltr'><strong>quamvis</strong></span> <span class='ocrx_word' id='word_1_287' title='bbox 763 2989 794 3054; x_wconf 90' lang='lat' dir='ltr'><strong>h.</strong></span> <span class='ocrx_word' id='word_1_288' title='bbox 815 2989 838 3054; x_wconf 92' lang='lat' dir='ltr'><strong>l.</strong></span> <span class='ocrx_word' id='word_1_289' title='bbox 860 2992 978 3056; x_wconf 91' lang='lat' dir='ltr'><strong>eadem</strong></span> <span class='ocrx_word' id='word_1_290' title='bbox 1004 2989 1026 3052; x_wconf 91' lang='grc'><strong>1.</strong></span> <span class='ocrx_word' id='word_1_291' title='bbox 1050 2988 1129 3053; x_wconf 89' lang='lat' dir='ltr'><strong>alle·</strong></span> <span class='ocrx_word' id='word_1_292' title='bbox 1197 3025 1239 3042; x_wconf 86' lang='lat'>-</span> <span class='ocrx_word' id='word_1_293' title='bbox 1262 2989 1314 3055; x_wconf 79' lang='lat' dir='ltr'><strong>Al.</strong></span> <span class='ocrx_word' id='word_1_294' title='bbox 1336 3000 1428 3055; x_wconf 90' lang='lat' dir='ltr'><strong>reete</strong></span> <span class='ocrx_word' id='word_1_295' title='bbox 1450 2988 2023 3072; x_wconf 51' lang='grc' dir='ltr'><strong>»ὶ.ιι11.”Ηοὶ.,θὶ’.12201058.</strong></span> 
     </span>
    </p>
   </div>
   <div class='ocr_carea' id='block_1_18' title="bbox 306 3091 1238 3180">
    <p class='ocr_par' dir='ltr' id='par_1_18' title="bbox 306 3091 1238 3180">
     <span class='ocr_line' id='line_1_31' title="bbox 306 3091 1238 3180; baseline -0.003 -21"><span class='ocrx_word' id='word_1_296' title='bbox 306 3105 384 3180; x_wconf 82' lang='lat' dir='ltr'><strong>gata</strong></span> <span class='ocrx_word' id='word_1_297' title='bbox 399 3104 467 3175; x_wconf 89' lang='lat' dir='ltr'><strong>est,</strong></span> <span class='ocrx_word' id='word_1_298' title='bbox 498 3115 595 3180; x_wconf 89' lang='lat' dir='ltr'><strong>qnam</strong></span> <span class='ocrx_word' id='word_1_299' title='bbox 616 3113 636 3158; x_wconf 89' lang='lat' dir='ltr'><strong>a</strong></span> <span class='ocrx_word' id='word_1_300' title='bbox 657 3093 801 3178; x_wconf 79' lang='lat' dir='ltr'><strong>genuino</strong></span> <span class='ocrx_word' id='word_1_301' title='bbox 816 3091 945 3158; x_wconf 88' lang='lat' dir='ltr'><strong>Pilliani</strong></span> <span class='ocrx_word' id='word_1_302' title='bbox 962 3091 1035 3156; x_wconf 91' lang='lat' dir='ltr'><strong>libri</strong></span> <span class='ocrx_word' id='word_1_303' title='bbox 1052 3111 1130 3156; x_wconf 91' lang='lat' dir='ltr'><strong>con·</strong></span> <span class='ocrx_word' id='word_1_304' title='bbox 1192 3091 1238 3158; x_wconf 89' lang='grc' dir='ltr'><strong>ΙΤ.</strong></span> 
     </span>
    </p>
   </div>
   <div class='ocr_carea' id='block_1_19' title="bbox 305 3191 1131 3384">
    <p class='ocr_par' dir='ltr' id='par_1_19' title="bbox 305 3191 1131 3384">
     <span class='ocr_line' id='line_1_32' title="bbox 305 3191 1131 3280; baseline -0.008 -18"><span class='ocrx_word' id='word_1_305' title='bbox 305 3206 397 3262; x_wconf 83' lang='lat' dir='ltr'><strong>textu</strong></span> <span class='ocrx_word' id='word_1_306' title='bbox 417 3197 639 3280; x_wconf 83' lang='lat' dir='ltr'><strong>separandam</strong></span> <span class='ocrx_word' id='word_1_307' title='bbox 662 3213 741 3260; x_wconf 87' lang='lat' dir='ltr'><strong>esse</strong></span> <span class='ocrx_word' id='word_1_308' title='bbox 762 3205 841 3278; x_wconf 89' lang='lat' dir='ltr'><strong>puto</strong></span> <span class='ocrx_word' id='word_1_309' title='bbox 862 3191 920 3270; x_wconf 83' lang='lat' dir='ltr'><strong>(cs.</strong></span> <span class='ocrx_word' id='word_1_310' title='bbox 938 3203 1004 3258; x_wconf 76' lang='lat' dir='ltr'><strong>not.</strong></span> <span class='ocrx_word' id='word_1_311' title='bbox 1020 3191 1072 3256; x_wconf 89' lang='grc'><strong>32.</strong></span> <span class='ocrx_word' id='word_1_312' title='bbox 1086 3192 1131 3256; x_wconf 88' lang='lat' dir='ltr'><strong>ad</strong></span> 
     </span>
     <span class='ocr_line' id='line_1_33' title="bbox 305 3294 1131 3384; baseline -0.008 -20"><span class='ocrx_word' id='word_1_313' title='bbox 305 3297 377 3364; x_wconf 85' lang='lat' dir='ltr'><strong>Pili.</strong></span> <span class='ocrx_word' id='word_1_314' title='bbox 392 3317 424 3382; x_wconf 88' lang='lat' dir='ltr'><strong>p.</strong></span> <span class='ocrx_word' id='word_1_315' title='bbox 442 3298 468 3361; x_wconf 94' lang='lat' dir='ltr'><strong>l.</strong></span> <span class='ocrx_word' id='word_1_316' title='bbox 486 3296 518 3384; x_wconf 86' lang='lat'><strong>§.</strong></span> <span class='ocrx_word' id='word_1_317' title='bbox 533 3299 598 3378; x_wconf 89' lang='grc'><strong>2.),</strong></span> <span class='ocrx_word' id='word_1_318' title='bbox 620 3295 829 3362; x_wconf 85' lang='lat' dir='ltr'><strong>nihilominus</strong></span> <span class='ocrx_word' id='word_1_319' title='bbox 844 3295 1072 3374; x_wconf 85' lang='lat' dir='ltr'><strong>Teneredum,</strong></span> <span class='ocrx_word' id='word_1_320' title='bbox 1101 3294 1131 3358; x_wconf 90' lang='lat' dir='ltr'><strong>si</strong></span> 
     </span>
    </p>
   </div>
   <div class='ocr_carea' id='block_1_20' title="bbox 1283 3147 2024 3262">
    <p class='ocr_par' dir='ltr' id='par_1_20' title="bbox 1283 3147 2024 3262">
     <span class='ocr_line' id='line_1_34' title="bbox 1283 3147 2024 3262; baseline 0.005 -5"><span class='ocrx_word' id='word_1_321' title='bbox 1283 3193 1360 3258; x_wconf 82' lang='lat' dir='ltr'><strong>nn.</strong></span> <span class='ocrx_word' id='word_1_322' title='bbox 1389 3194 1422 3258; x_wconf 77' lang='lat' dir='ltr'><strong>an</strong></span> <span class='ocrx_word' id='word_1_323' title='bbox 1445 3193 1544 3260; x_wconf 72' lang='lat' dir='ltr'><strong>cota.</strong></span> <span class='ocrx_word' id='word_1_324' title='bbox 1566 3193 1606 3258; x_wconf 76' lang='lat' dir='ltr'><strong>n.</strong></span> <span class='ocrx_word' id='word_1_325' title='bbox 1621 3193 1660 3260; x_wconf 83' lang='lat' dir='ltr'><strong>a.</strong></span> <span class='ocrx_word' id='word_1_326' title='bbox 1682 3195 1757 3260; x_wconf 75' lang='lat' dir='ltr'><strong>aaa.</strong></span> <span class='ocrx_word' id='word_1_327' title='bbox 1781 3206 1833 3260; x_wconf 72' lang='lat' dir='ltr'><strong>„a</strong></span> <span class='ocrx_word' id='word_1_328' title='bbox 1852 3196 1894 3262; x_wconf 85' lang='lat' dir='ltr'><strong>x.</strong></span> <span class='ocrx_word' id='word_1_329' title='bbox 1917 3147 1957 3262; x_wconf 80' lang='lat' dir='ltr'><strong>a.</strong></span> <span class='ocrx_word' id='word_1_330' title='bbox 1983 3198 2024 3261; x_wconf 80' lang='lat' dir='ltr'><strong>ae</strong></span> 
     </span>
    </p>
   </div>
   <div class='ocr_carea' id='block_1_21' title="bbox 1199 3295 2022 3383">
    <p class='ocr_par' dir='ltr' id='par_1_21' title="bbox 1199 3295 2022 3383">
     <span class='ocr_line' id='line_1_35' title="bbox 1199 3295 2022 3383; baseline 0.002 -23"><span class='ocrx_word' id='word_1_331' title='bbox 1199 3306 1352 3378; x_wconf 75' lang='lat' dir='ltr'><strong>„except</strong></span> <span class='ocrx_word' id='word_1_332' title='bbox 1366 3296 1399 3373; x_wconf 87' lang='grc'><strong>2,</strong></span> <span class='ocrx_word' id='word_1_333' title='bbox 1415 3295 1467 3359; x_wconf 85' lang='grc'><strong>25.</strong></span> <span class='ocrx_word' id='word_1_334' title='bbox 1490 3317 1520 3360; x_wconf 90' lang='lat' dir='ltr'><strong>o.</strong></span> <span class='ocrx_word' id='word_1_335' title='bbox 1541 3295 1829 3362; x_wconf 84' lang='lat' dir='ltr'><strong>adversario.13.”</strong></span> <span class='ocrx_word' id='word_1_336' title='bbox 1860 3295 2022 3383; x_wconf 84' lang='lat' dir='ltr'><strong>(Gregor.</strong></span> 
     </span>
    </p>
   </div>
   <div class='ocr_carea' id='block_1_22' title="bbox 305 3395 2072 3486">
    <p class='ocr_par' dir='ltr' id='par_1_22' title="bbox 305 3395 2072 3486">
     <span class='ocr_line' id='line_1_36' title="bbox 305 3395 2072 3486; baseline 0.001 -21"><span class='ocrx_word' id='word_1_337' title='bbox 305 3399 458 3486; x_wconf 81' lang='lat' dir='ltr'><strong>regulam</strong></span> <span class='ocrx_word' id='word_1_338' title='bbox 471 3398 675 3483; x_wconf 85' lang='lat' dir='ltr'><strong>propositam</strong></span> <span class='ocrx_word' id='word_1_339' title='bbox 698 3417 740 3462; x_wconf 86' lang='lat' dir='ltr'><strong>ex</strong></span> <span class='ocrx_word' id='word_1_340' title='bbox 754 3398 817 3462; x_wconf 89' lang='lat' dir='ltr'><strong>isto</strong></span> <span class='ocrx_word' id='word_1_341' title='bbox 833 3397 995 3480; x_wconf 87' lang='lat' dir='ltr'><strong>opusculo</strong></span> <span class='ocrx_word' id='word_1_342' title='bbox 1010 3395 1131 3462; x_wconf 85' lang='lat' dir='ltr'><strong>hause·</strong></span> <span class='ocrx_word' id='word_1_343' title='bbox 1198 3395 1246 3479; x_wconf 88' lang='grc'><strong>9.)</strong></span> <span class='ocrx_word' id='word_1_344' title='bbox 1261 3395 1357 3460; x_wconf 90' lang='lat' dir='ltr'><strong>Haud</strong></span> <span class='ocrx_word' id='word_1_345' title='bbox 1372 3406 1458 3482; x_wconf 89' lang='lat' dir='ltr'><strong>apte.</strong></span> <span class='ocrx_word' id='word_1_346' title='bbox 1735 3437 1740 3446; x_wconf 92' lang='lat'><em>·</em></span> <span class='ocrx_word' id='word_1_347' title='bbox 2041 3418 2072 3468; x_wconf 84' lang='lat' dir='ltr'><strong>to</strong></span> 
     </span>
    </p>
   </div>
   <div class='ocr_carea' id='block_1_23' title="bbox 296 3497 1133 4802">
    <p class='ocr_par' dir='ltr' id='par_1_23' title="bbox 296 3497 1129 3890">
     <span class='ocr_line' id='line_1_37' title="bbox 305 3497 1129 3581; baseline -0.005 -13"><span class='ocrx_word' id='word_1_348' title='bbox 305 3502 363 3581; x_wconf 85' lang='lat' dir='ltr'><strong>rit,</strong></span> <span class='ocrx_word' id='word_1_349' title='bbox 392 3502 465 3569; x_wconf 86' lang='lat' dir='ltr'><strong>eius</strong></span> <span class='ocrx_word' id='word_1_350' title='bbox 486 3500 553 3566; x_wconf 89' lang='lat' dir='ltr'><strong>loci</strong></span> <span class='ocrx_word' id='word_1_351' title='bbox 573 3501 732 3566; x_wconf 85' lang='lat' dir='ltr'><strong>rationem</strong></span> <span class='ocrx_word' id='word_1_352' title='bbox 748 3497 906 3564; x_wconf 83' lang='lat' dir='ltr'><strong>habuisse</strong></span> <span class='ocrx_word' id='word_1_353' title='bbox 921 3499 1129 3578; x_wconf 86' lang='lat' dir='ltr'><strong>crediderim,</strong></span> 
     </span>
     <span class='ocr_line' id='line_1_38' title="bbox 296 3601 1129 3690; baseline -0.006 -22"><span class='ocrx_word' id='word_1_354' title='bbox 296 3625 371 3690; x_wconf 66' lang='lat' dir='ltr'><strong>nuo</strong></span> <span class='ocrx_word' id='word_1_355' title='bbox 386 3602 519 3683; x_wconf 75' lang='lat' dir='ltr'><strong>Pilius,</strong></span> <span class='ocrx_word' id='word_1_356' title='bbox 551 3601 691 3685; x_wconf 86' lang='lat' dir='ltr'><strong>perinde</strong></span> <span class='ocrx_word' id='word_1_357' title='bbox 710 3611 746 3664; x_wconf 80' lang='lat' dir='ltr'><strong>ut</strong></span> <span class='ocrx_word' id='word_1_358' title='bbox 765 3611 896 3679; x_wconf 87' lang='lat' dir='ltr'><strong>noster,</strong></span> <span class='ocrx_word' id='word_1_359' title='bbox 926 3601 967 3666; x_wconf 85' lang='lat' dir='ltr'><strong>de</strong></span> <span class='ocrx_word' id='word_1_360' title='bbox 991 3602 1129 3666; x_wconf 88' lang='lat' dir='ltr'><strong>interro·</strong></span> 
     </span>
     <span class='ocr_line' id='line_1_39' title="bbox 305 3699 1129 3791; baseline -0.006 -20"><span class='ocrx_word' id='word_1_361' title='bbox 305 3706 491 3791; x_wconf 80' lang='lat' dir='ltr'><strong>gationibns</strong></span> <span class='ocrx_word' id='word_1_362' title='bbox 518 3714 594 3770; x_wconf 82' lang='lat' dir='ltr'><strong>ante</strong></span> <span class='ocrx_word' id='word_1_363' title='bbox 620 3702 667 3768; x_wconf 85' lang='lat' dir='ltr'><strong>ltt.</strong></span> <span class='ocrx_word' id='word_1_364' title='bbox 688 3711 774 3769; x_wconf 88' lang='lat' dir='ltr'><strong>cont.</strong></span> <span class='ocrx_word' id='word_1_365' title='bbox 794 3699 957 3768; x_wconf 80' lang='lat' dir='ltr'><strong>faciendis</strong></span> <span class='ocrx_word' id='word_1_366' title='bbox 984 3703 1129 3785; x_wconf 86' lang='lat' dir='ltr'><strong>disputa·</strong></span> 
     </span>
     <span class='ocr_line' id='line_1_40' title="bbox 306 3802 851 3890; baseline -0.002 -18"><span class='ocrx_word' id='word_1_367' title='bbox 306 3809 361 3875; x_wconf 86' lang='lat' dir='ltr'><strong>vit.</strong></span> <span class='ocrx_word' id='word_1_368' title='bbox 391 3805 578 3888; x_wconf 65' lang='lat' dir='ltr'><strong>cernar».</strong></span> <span class='ocrx_word' id='word_1_369' title='bbox 596 3805 622 3874; x_wconf 92' lang='grc'><strong>1.</strong></span> <span class='ocrx_word' id='word_1_370' title='bbox 639 3803 668 3890; x_wconf 83' lang='lat'><strong>§.</strong></span> <span class='ocrx_word' id='word_1_371' title='bbox 686 3802 851 3871; x_wconf 73' lang='lat' dir='ltr'><strong>10.sub[</strong></span> 
     </span>
    </p>

    <p class='ocr_par' dir='ltr' id='par_1_24' title="bbox 306 3904 1133 4802">
     <span class='ocr_line' id='line_1_41' title="bbox 350 3904 1133 3990; baseline -0.005 -18"><span class='ocrx_word' id='word_1_372' title='bbox 350 3907 406 3990; x_wconf 95' lang='grc'><strong>13)</strong></span> <span class='ocrx_word' id='word_1_373' title='bbox 449 3907 530 3972; x_wconf 87' lang='lat' dir='ltr'><strong>Post</strong></span> <span class='ocrx_word' id='word_1_374' title='bbox 544 3905 576 3970; x_wconf 90' lang='lat' dir='ltr'><strong>h.</strong></span> <span class='ocrx_word' id='word_1_375' title='bbox 590 3905 613 3970; x_wconf 91' lang='grc'><strong>1.</strong></span> <span class='ocrx_word' id='word_1_376' title='bbox 628 3906 732 3971; x_wconf 85' lang='lat' dir='ltr'><strong>verba</strong></span> <span class='ocrx_word' id='word_1_377' title='bbox 748 3904 799 3974; x_wconf 85' lang='lat' dir='ltr'><strong>Rs.</strong></span> <span class='ocrx_word' id='word_1_378' title='bbox 816 3910 846 3970; x_wconf 80' lang='grc'><strong>2.</strong></span> <span class='ocrx_word' id='word_1_379' title='bbox 866 3907 943 3970; x_wconf 90' lang='lat' dir='ltr'><strong>add.</strong></span> <span class='ocrx_word' id='word_1_380' title='bbox 964 3905 1025 3973; x_wconf 78' lang='lat' dir='ltr'><strong>„Et</strong></span> <span class='ocrx_word' id='word_1_381' title='bbox 1044 3904 1133 3990; x_wconf 89' lang='lat' dir='ltr'><strong>quod</strong></span> 
     </span>
     <span class='ocr_line' id='line_1_42' title="bbox 306 4007 1132 4094; baseline -0.007 -20"><span class='ocrx_word' id='word_1_382' title='bbox 306 4009 512 4094; x_wconf 68' lang='lat' dir='ltr'><strong>„ignorantia</strong></span> <span class='ocrx_word' id='word_1_383' title='bbox 534 4019 672 4074; x_wconf 85' lang='lat' dir='ltr'><strong>excusat</strong></span> <span class='ocrx_word' id='word_1_384' title='bbox 686 4016 719 4071; x_wconf 92' lang='lat' dir='ltr'><strong>et</strong></span> <span class='ocrx_word' id='word_1_385' title='bbox 731 4008 871 4075; x_wconf 84' lang='lat' dir='ltr'><strong>scientia</strong></span> <span class='ocrx_word' id='word_1_386' title='bbox 892 4016 1024 4085; x_wconf 87' lang='lat' dir='ltr'><strong>onerat,</strong></span> <span class='ocrx_word' id='word_1_387' title='bbox 1055 4007 1132 4070; x_wconf 91' lang='lat' dir='ltr'><strong>dicit</strong></span> 
     </span>
     <span class='ocr_line' id='line_1_43' title="bbox 308 4106 1132 4195; baseline -0.007 -19"><span class='ocrx_word' id='word_1_388' title='bbox 308 4129 491 4193; x_wconf 68' lang='lat' dir='ltr'><strong>„expresse</strong></span> <span class='ocrx_word' id='word_1_389' title='bbox 505 4109 527 4174; x_wconf 91' lang='grc'><strong>1.</strong></span> <span class='ocrx_word' id='word_1_390' title='bbox 542 4111 618 4195; x_wconf 78' lang='lat' dir='ltr'><strong>Dig.</strong></span> <span class='ocrx_word' id='word_1_391' title='bbox 634 4111 676 4174; x_wconf 90' lang='lat' dir='ltr'><strong>ad</strong></span> <span class='ocrx_word' id='word_1_392' title='bbox 695 4108 857 4176; x_wconf 76' lang='lat' dir='ltr'><strong>Velleian.</strong></span> <span class='ocrx_word' id='word_1_393' title='bbox 873 4127 945 4174; x_wconf 91' lang='lat' dir='ltr'><strong>sen.</strong></span> <span class='ocrx_word' id='word_1_394' title='bbox 954 4107 1005 4188; x_wconf 83' lang='lat'><strong>16,</strong></span> <span class='ocrx_word' id='word_1_395' title='bbox 1026 4111 1050 4170; x_wconf 90' lang='lat' dir='ltr'><strong>t.</strong></span> <span class='ocrx_word' id='word_1_396' title='bbox 1066 4106 1087 4174; x_wconf 88' lang='lat'><strong>1.</strong></span> <span class='ocrx_word' id='word_1_397' title='bbox 1101 4107 1132 4172; x_wconf 87' lang='lat' dir='ltr'><strong>si</strong></span> 
     </span>
     <span class='ocr_line' id='line_1_44' title="bbox 308 4208 1130 4296; baseline -0.006 -19"><span class='ocrx_word' id='word_1_398' title='bbox 308 4211 446 4277; x_wconf 74' lang='lat' dir='ltr'><strong>„mudier</strong></span> <span class='ocrx_word' id='word_1_399' title='bbox 472 4210 699 4276; x_wconf 86' lang='lat' dir='ltr'><strong>hereditatem.</strong></span> <span class='ocrx_word' id='word_1_400' title='bbox 714 4209 763 4275; x_wconf 90' lang='grc'><strong>32.</strong></span> <span class='ocrx_word' id='word_1_401' title='bbox 794 4208 825 4296; x_wconf 84' lang='lat'><strong>§.</strong></span> <span class='ocrx_word' id='word_1_402' title='bbox 856 4210 885 4274; x_wconf 88' lang='lat' dir='ltr'><strong>si</strong></span> <span class='ocrx_word' id='word_1_403' title='bbox 914 4208 1046 4288; x_wconf 86' lang='lat' dir='ltr'><strong>mulier,</strong></span> <span class='ocrx_word' id='word_1_404' title='bbox 1087 4227 1130 4276; x_wconf 85' lang='lat' dir='ltr'><strong>ne</strong></span> 
     </span>
     <span class='ocr_line' id='line_1_45' title="bbox 308 4309 1130 4397; baseline -0.005 -19"><span class='ocrx_word' id='word_1_405' title='bbox 308 4315 402 4397; x_wconf 73' lang='lat' dir='ltr'><strong>„ipsa</strong></span> <span class='ocrx_word' id='word_1_406' title='bbox 424 4341 445 4378; x_wconf 75' lang='lat' dir='ltr'><strong>a</strong></span> <span class='ocrx_word' id='word_1_407' title='bbox 467 4339 498 4378; x_wconf 75' lang='lat' dir='ltr'><strong>s.</strong></span> <span class='ocrx_word' id='word_1_408' title='bbox 512 4311 544 4376; x_wconf 87' lang='grc'><strong>3.</strong></span> <span class='ocrx_word' id='word_1_409' title='bbox 586 4313 658 4385; x_wconf 81' lang='lat' dir='ltr'><strong>Nec</strong></span> <span class='ocrx_word' id='word_1_410' title='bbox 682 4313 811 4378; x_wconf 83' lang='lat' dir='ltr'><strong>iavamr</strong></span> <span class='ocrx_word' id='word_1_411' title='bbox 831 4311 950 4384; x_wconf 88' lang='lat' dir='ltr'><strong>mulier</strong></span> <span class='ocrx_word' id='word_1_412' title='bbox 969 4309 1130 4374; x_wconf 86' lang='lat' dir='ltr'><strong>beneficio</strong></span> 
     </span>
     <span class='ocr_line' id='line_1_46' title="bbox 309 4412 1131 4498; baseline -0.01 -16"><span class='ocrx_word' id='word_1_413' title='bbox 309 4412 610 4492; x_wconf 64' lang='lat' dir='ltr'><strong>”senatusconsulti</strong></span> <span class='ocrx_word' id='word_1_414' title='bbox 629 4413 819 4493; x_wconf 72' lang='lat' dir='ltr'><strong>Velleiani,</strong></span> <span class='ocrx_word' id='word_1_415' title='bbox 839 4415 971 4498; x_wconf 87' lang='lat' dir='ltr'><strong>quando</strong></span> <span class='ocrx_word' id='word_1_416' title='bbox 992 4413 1131 4476; x_wconf 89' lang='lat' dir='ltr'><strong>interce·</strong></span> 
     </span>
     <span class='ocr_line' id='line_1_47' title="bbox 309 4512 1131 4600; baseline -0.006 -19"><span class='ocrx_word' id='word_1_417' title='bbox 309 4517 375 4582; x_wconf 81' lang='lat' dir='ltr'><strong>„tit</strong></span> <span class='ocrx_word' id='word_1_418' title='bbox 393 4537 454 4600; x_wconf 92' lang='lat' dir='ltr'><strong>pro</strong></span> <span class='ocrx_word' id='word_1_419' title='bbox 476 4515 587 4599; x_wconf 85' lang='lat' dir='ltr'><strong>aliquo</strong></span> <span class='ocrx_word' id='word_1_420' title='bbox 609 4516 716 4582; x_wconf 89' lang='lat' dir='ltr'><strong>animo</strong></span> <span class='ocrx_word' id='word_1_421' title='bbox 737 4517 933 4600; x_wconf 84' lang='lat' dir='ltr'><strong>decipiendi.</strong></span> <span class='ocrx_word' id='word_1_422' title='bbox 949 4524 984 4580; x_wconf 91' lang='lat' dir='ltr'><strong>ut</strong></span> <span class='ocrx_word' id='word_1_423' title='bbox 997 4513 1072 4598; x_wconf 75' lang='lat' dir='ltr'><strong>vig.</strong></span> <span class='ocrx_word' id='word_1_424' title='bbox 1088 4512 1131 4592; x_wconf 84' lang='lat' dir='ltr'><strong>ad</strong></span> 
     </span>
     <span class='ocr_line' id='line_1_48' title="bbox 308 4614 1132 4699; baseline -0.015 -11"><span class='ocrx_word' id='word_1_425' title='bbox 308 4617 555 4698; x_wconf 52' lang='grc'><strong>»11011011111</strong></span> <span class='ocrx_word' id='word_1_426' title='bbox 579 4615 601 4680; x_wconf 88' lang='grc'><strong>1.</strong></span> <span class='ocrx_word' id='word_1_427' title='bbox 631 4617 661 4683; x_wconf 72' lang='lat' dir='ltr'><strong>si</strong></span> <span class='ocrx_word' id='word_1_428' title='bbox 690 4617 874 4699; x_wconf 73' lang='lat' dir='ltr'><strong>decipiendi</strong></span> <span class='ocrx_word' id='word_1_429' title='bbox 910 4644 930 4680; x_wconf 78' lang='lat' dir='ltr'><strong>tt</strong></span> <span class='ocrx_word' id='word_1_430' title='bbox 955 4646 988 4680; x_wconf 71' lang='lat' dir='ltr'><strong>a.</strong></span> <span class='ocrx_word' id='word_1_431' title='bbox 1010 4614 1132 4698; x_wconf 60' lang='grc'><strong>311111.</strong></span> 
     </span>
     <span class='ocr_line' id='line_1_49' title="bbox 308 4715 1131 4802; baseline -0.009 -14"><span class='ocrx_word' id='word_1_432' title='bbox 308 4723 398 4789; x_wconf 70' lang='lat' dir='ltr'><strong>»Nec</strong></span> <span class='ocrx_word' id='word_1_433' title='bbox 412 4721 536 4802; x_wconf 88' lang='lat' dir='ltr'><strong>minor,</strong></span> <span class='ocrx_word' id='word_1_434' title='bbox 567 4738 641 4786; x_wconf 87' lang='lat' dir='ltr'><strong>cnm</strong></span> <span class='ocrx_word' id='word_1_435' title='bbox 661 4717 798 4800; x_wconf 85' lang='lat' dir='ltr'><strong>decipit,</strong></span> <span class='ocrx_word' id='word_1_436' title='bbox 826 4719 956 4786; x_wconf 87' lang='lat' dir='ltr'><strong>iuvatur</strong></span> <span class='ocrx_word' id='word_1_437' title='bbox 971 4715 1131 4783; x_wconf 87' lang='lat' dir='ltr'><strong>beneficio</strong></span> 
     </span>
    </p>
   </div>
   <div class='ocr_carea' id='block_1_24' title="bbox 1150 4935 1174 4986">
    <p class='ocr_par' dir='ltr' id='par_1_25' title="bbox 1150 4935 1174 4986">
     <span class='ocr_line' id='line_1_50' title="bbox 1150 4935 1174 4986; baseline 0 0"><span class='ocrx_word' id='word_1_438' title='bbox 1150 4935 1174 4986; x_wconf 72' lang='lat' dir='ltr'><strong>a</strong></span> 
     </span>
    </p>
   </div>
   <div class='ocr_carea' id='block_1_25' title="bbox 1283 3498 2025 3585">
    <p class='ocr_par' dir='ltr' id='par_1_26' title="bbox 1283 3498 2025 3585">
     <span class='ocr_line' id='line_1_51' title="bbox 1283 3498 2025 3585; baseline 0.001 -23"><span class='ocrx_word' id='word_1_439' title='bbox 1283 3498 1336 3562; x_wconf 82' lang='lat' dir='ltr'><strong>Rs.</strong></span> <span class='ocrx_word' id='word_1_440' title='bbox 1358 3503 1389 3563; x_wconf 80' lang='grc'><strong>2.</strong></span> <span class='ocrx_word' id='word_1_441' title='bbox 1420 3500 1495 3564; x_wconf 89' lang='lat' dir='ltr'><strong>add.</strong></span> <span class='ocrx_word' id='word_1_442' title='bbox 1526 3499 1588 3564; x_wconf 77' lang='lat' dir='ltr'><strong>„Er</strong></span> <span class='ocrx_word' id='word_1_443' title='bbox 1619 3501 1711 3584; x_wconf 87' lang='lat' dir='ltr'><strong>prior</strong></span> <span class='ocrx_word' id='word_1_444' title='bbox 1744 3501 1888 3566; x_wconf 85' lang='lat' dir='ltr'><strong>creditor</strong></span> <span class='ocrx_word' id='word_1_445' title='bbox 1917 3501 2025 3585; x_wconf 88' lang='lat' dir='ltr'><strong>perdit</strong></span> 
     </span>
    </p>
   </div>
   <div class='ocr_carea' id='block_1_26' title="bbox 1190 3600 2073 4802">
    <p class='ocr_par' dir='ltr' id='par_1_27' title="bbox 1190 3600 2073 4802">
     <span class='ocr_line' id='line_1_52' title="bbox 1198 3600 2024 3687; baseline -0.001 -21"><span class='ocrx_word' id='word_1_446' title='bbox 1198 3600 1421 3682; x_wconf 77' lang='lat' dir='ltr'><strong>„prioritatem</strong></span> <span class='ocrx_word' id='word_1_447' title='bbox 1444 3621 1505 3683; x_wconf 90' lang='lat' dir='ltr'><strong>per</strong></span> <span class='ocrx_word' id='word_1_448' title='bbox 1527 3620 1623 3666; x_wconf 88' lang='lat' dir='ltr'><strong>saum</strong></span> <span class='ocrx_word' id='word_1_449' title='bbox 1643 3602 1849 3668; x_wconf 86' lang='lat' dir='ltr'><strong>mendacium</strong></span> <span class='ocrx_word' id='word_1_450' title='bbox 1868 3611 1900 3666; x_wconf 88' lang='lat' dir='ltr'><strong>et</strong></span> <span class='ocrx_word' id='word_1_451' title='bbox 1914 3613 2024 3687; x_wconf 89' lang='lat' dir='ltr'><strong>poste-</strong></span> 
     </span>
     <span class='ocr_line' id='line_1_53' title="bbox 1200 3701 2024 3788; baseline 0 -20"><span class='ocrx_word' id='word_1_452' title='bbox 1200 3704 1289 3768; x_wconf 76' lang='lat' dir='ltr'><strong>nrior</strong></span> <span class='ocrx_word' id='word_1_453' title='bbox 1311 3703 1453 3766; x_wconf 86' lang='lat' dir='ltr'><strong>creditor</strong></span> <span class='ocrx_word' id='word_1_454' title='bbox 1472 3701 1508 3764; x_wconf 87' lang='lat' dir='ltr'><strong>fit</strong></span> <span class='ocrx_word' id='word_1_455' title='bbox 1526 3704 1642 3786; x_wconf 90' lang='lat' dir='ltr'><strong>potior.</strong></span> <span class='ocrx_word' id='word_1_456' title='bbox 1664 3711 1699 3767; x_wconf 91' lang='lat' dir='ltr'><strong>ut</strong></span> <span class='ocrx_word' id='word_1_457' title='bbox 1722 3702 1802 3768; x_wconf 87' lang='lat' dir='ltr'><strong>Cod.</strong></span> <span class='ocrx_word' id='word_1_458' title='bbox 1826 3704 1880 3788; x_wconf 89' lang='lat' dir='ltr'><strong>qui</strong></span> <span class='ocrx_word' id='word_1_459' title='bbox 1899 3715 1967 3788; x_wconf 88' lang='lat' dir='ltr'><strong>pot.</strong></span> <span class='ocrx_word' id='word_1_460' title='bbox 1991 3705 2024 3768; x_wconf 91' lang='lat' dir='ltr'><strong>in</strong></span> 
     </span>
     <span class='ocr_line' id='line_1_54' title="bbox 1199 3802 2024 3886; baseline 0.002 -20"><span class='ocrx_word' id='word_1_461' title='bbox 1199 3802 1355 3886; x_wconf 63' lang='lat' dir='ltr'><strong>»pigna</strong></span> <span class='ocrx_word' id='word_1_462' title='bbox 1373 3803 1423 3868; x_wconf 87' lang='grc'><strong>18.</strong></span> <span class='ocrx_word' id='word_1_463' title='bbox 1444 3803 1478 3868; x_wconf 91' lang='lat' dir='ltr'><strong>in</strong></span> <span class='ocrx_word' id='word_1_464' title='bbox 1492 3803 1591 3868; x_wconf 84' lang='lat' dir='ltr'><strong>Auth.</strong></span> <span class='ocrx_word' id='word_1_465' title='bbox 1611 3803 1656 3870; x_wconf 87' lang='lat' dir='ltr'><strong>ibi</strong></span> <span class='ocrx_word' id='word_1_466' title='bbox 1679 3803 1825 3886; x_wconf 81' lang='lat' dir='ltr'><strong>signata:</strong></span> <span class='ocrx_word' id='word_1_467' title='bbox 1854 3807 1930 3870; x_wconf 89' lang='lat' dir='ltr'><strong>item</strong></span> <span class='ocrx_word' id='word_1_468' title='bbox 1946 3824 2024 3886; x_wconf 88' lang='lat' dir='ltr'><strong>pos·</strong></span> 
     </span>
     <span class='ocr_line' id='line_1_55' title="bbox 1200 3904 2072 3990; baseline 0.003 -20"><span class='ocrx_word' id='word_1_469' title='bbox 1200 3922 1344 3970; x_wconf 75' lang='lat' dir='ltr'><strong>nsessor.</strong></span> <span class='ocrx_word' id='word_1_470' title='bbox 1364 3906 1418 3980; x_wconf 87' lang='lat' dir='ltr'><strong>(ad</strong></span> <span class='ocrx_word' id='word_1_471' title='bbox 1432 3904 1453 3968; x_wconf 91' lang='grc'><strong>1.</strong></span> <span class='ocrx_word' id='word_1_472' title='bbox 1468 3906 1510 3981; x_wconf 86' lang='grc'><strong>7.)</strong></span> <span class='ocrx_word' id='word_1_473' title='bbox 1540 3904 1582 3970; x_wconf 89' lang='lat' dir='ltr'><strong>Et</strong></span> <span class='ocrx_word' id='word_1_474' title='bbox 1604 3905 1658 3990; x_wconf 87' lang='lat' dir='ltr'><strong>qui</strong></span> <span class='ocrx_word' id='word_1_475' title='bbox 1676 3905 1783 3988; x_wconf 89' lang='lat' dir='ltr'><strong>primo</strong></span> <span class='ocrx_word' id='word_1_476' title='bbox 1798 3905 1950 3987; x_wconf 86' lang='lat' dir='ltr'><strong>praecise</strong></span> <span class='ocrx_word' id='word_1_477' title='bbox 1965 3927 2022 3970; x_wconf 88' lang='lat' dir='ltr'><strong>ne·</strong></span> <span class='ocrx_word' id='word_1_478' title='bbox 2043 3926 2072 3975; x_wconf 80' lang='lat'><strong>15</strong></span> 
     </span>
     <span class='ocr_line' id='line_1_56' title="bbox 1190 4003 2022 4092; baseline 0.002 -22"><span class='ocrx_word' id='word_1_479' title='bbox 1190 4005 1309 4088; x_wconf 66' lang='lat' dir='ltr'><strong>⁴ngavit</strong></span> <span class='ocrx_word' id='word_1_480' title='bbox 1330 4007 1580 4073; x_wconf 86' lang='lat' dir='ltr'><strong>instrumentum</strong></span> <span class='ocrx_word' id='word_1_481' title='bbox 1603 4027 1699 4070; x_wconf 88' lang='lat' dir='ltr'><strong>suum</strong></span> <span class='ocrx_word' id='word_1_482' title='bbox 1721 4003 1907 4070; x_wconf 80' lang='lat' dir='ltr'><strong>confectum</strong></span> <span class='ocrx_word' id='word_1_483' title='bbox 1921 4028 2022 4092; x_wconf 87' lang='lat' dir='ltr'><strong>super</strong></span> 
     </span>
     <span class='ocr_line' id='line_1_57' title="bbox 1200 4106 2024 4190; baseline 0.01 -24"><span class='ocrx_word' id='word_1_484' title='bbox 1200 4108 1346 4186; x_wconf 74' lang='lat' dir='ltr'><strong>edebito,</strong></span> <span class='ocrx_word' id='word_1_485' title='bbox 1375 4117 1495 4190; x_wconf 87' lang='lat' dir='ltr'><strong>postea</strong></span> <span class='ocrx_word' id='word_1_486' title='bbox 1515 4107 1632 4172; x_wconf 88' lang='lat' dir='ltr'><strong>volens</strong></span> <span class='ocrx_word' id='word_1_487' title='bbox 1654 4106 1798 4189; x_wconf 87' lang='lat' dir='ltr'><strong>probare</strong></span> <span class='ocrx_word' id='word_1_488' title='bbox 1826 4108 2024 4174; x_wconf 90' lang='lat' dir='ltr'><strong>solutionem</strong></span> 
     </span>
     <span class='ocr_line' id='line_1_58' title="bbox 1201 4207 2023 4295; baseline 0.001 -21"><span class='ocrx_word' id='word_1_489' title='bbox 1201 4227 1286 4274; x_wconf 71' lang='lat' dir='ltr'><strong>„non</strong></span> <span class='ocrx_word' id='word_1_490' title='bbox 1307 4209 1490 4273; x_wconf 82' lang='lat' dir='ltr'><strong>admittitur.</strong></span> <span class='ocrx_word' id='word_1_491' title='bbox 1512 4219 1547 4274; x_wconf 88' lang='lat' dir='ltr'><strong>ut</strong></span> <span class='ocrx_word' id='word_1_492' title='bbox 1562 4207 1643 4274; x_wconf 83' lang='lat' dir='ltr'><strong>God.</strong></span> <span class='ocrx_word' id='word_1_493' title='bbox 1661 4209 1704 4272; x_wconf 89' lang='lat' dir='ltr'><strong>de</strong></span> <span class='ocrx_word' id='word_1_494' title='bbox 1718 4229 1786 4274; x_wconf 85' lang='lat' dir='ltr'><strong>non</strong></span> <span class='ocrx_word' id='word_1_495' title='bbox 1799 4227 1887 4274; x_wconf 86' lang='lat' dir='ltr'><strong>num.</strong></span> <span class='ocrx_word' id='word_1_496' title='bbox 1902 4231 1975 4295; x_wconf 88' lang='lat' dir='ltr'><strong>pec.</strong></span> <span class='ocrx_word' id='word_1_497' title='bbox 1990 4213 2023 4292; x_wconf 88' lang='grc'><strong>4,</strong></span> 
     </span>
     <span class='ocr_line' id='line_1_59' title="bbox 1201 4309 2023 4395; baseline 0.005 -21"><span class='ocrx_word' id='word_1_498' title='bbox 1201 4309 1272 4374; x_wconf 70' lang='grc'><strong>»311</strong></span> <span class='ocrx_word' id='word_1_499' title='bbox 1290 4309 1386 4374; x_wconf 80' lang='lat' dir='ltr'><strong>Auru.</strong></span> <span class='ocrx_word' id='word_1_500' title='bbox 1401 4321 1518 4375; x_wconf 84' lang='lat' dir='ltr'><strong>contm</strong></span> <span class='ocrx_word' id='word_1_501' title='bbox 1532 4311 1588 4395; x_wconf 89' lang='lat' dir='ltr'><strong>qui</strong></span> <span class='ocrx_word' id='word_1_502' title='bbox 1601 4311 1781 4393; x_wconf 86' lang='lat' dir='ltr'><strong>propriam.</strong></span> <span class='ocrx_word' id='word_1_503' title='bbox 1798 4311 1883 4390; x_wconf 89' lang='lat' dir='ltr'><strong>(adl</strong></span> <span class='ocrx_word' id='word_1_504' title='bbox 1904 4312 1952 4378; x_wconf 74' lang='grc'><strong>4.)</strong></span> <span class='ocrx_word' id='word_1_505' title='bbox 1982 4313 2023 4378; x_wconf 87' lang='lat' dir='ltr'><strong>Et</strong></span> 
     </span>
     <span class='ocr_line' id='line_1_60' title="bbox 1191 4399 2073 4493; baseline 0.016 -23"><span class='ocrx_word' id='word_1_506' title='bbox 1191 4421 1356 4493; x_wconf 56' lang='lat' dir='ltr'><strong>„propter</strong></span> <span class='ocrx_word' id='word_1_507' title='bbox 1377 4411 1585 4478; x_wconf 86' lang='lat' dir='ltr'><strong>mendacium</strong></span> <span class='ocrx_word' id='word_1_508' title='bbox 1607 4431 1704 4476; x_wconf 89' lang='lat' dir='ltr'><strong>suum</strong></span> <span class='ocrx_word' id='word_1_509' title='bbox 1727 4409 1924 4476; x_wconf 77' lang='lat' dir='ltr'><strong>transfertur</strong></span> <span class='ocrx_word' id='word_1_510' title='bbox 1937 4435 2022 4480; x_wconf 90' lang='lat' dir='ltr'><strong>onus</strong></span> <span class='ocrx_word' id='word_1_511' title='bbox 2040 4399 2073 4484; x_wconf 71' lang='lat' dir='ltr'><strong>eo</strong></span> 
     </span>
     <span class='ocr_line' id='line_1_61' title="bbox 1200 4512 2025 4598; baseline 0.004 -19"><span class='ocrx_word' id='word_1_512' title='bbox 1200 4512 1423 4596; x_wconf 79' lang='lat' dir='ltr'><strong>„probationis</strong></span> <span class='ocrx_word' id='word_1_513' title='bbox 1439 4516 1472 4578; x_wconf 92' lang='lat' dir='ltr'><strong>in</strong></span> <span class='ocrx_word' id='word_1_514' title='bbox 1487 4533 1599 4593; x_wconf 89' lang='lat' dir='ltr'><strong>reum,</strong></span> <span class='ocrx_word' id='word_1_515' title='bbox 1629 4535 1704 4579; x_wconf 91' lang='lat' dir='ltr'><strong>oum</strong></span> <span class='ocrx_word' id='word_1_516' title='bbox 1719 4513 1917 4598; x_wconf 83' lang='lat' dir='ltr'><strong>regulariter</strong></span> <span class='ocrx_word' id='word_1_517' title='bbox 1931 4529 2025 4584; x_wconf 89' lang='lat' dir='ltr'><strong>actor</strong></span> 
     </span>
     <span class='ocr_line' id='line_1_62' title="bbox 1199 4615 2021 4701; baseline 0.012 -27"><span class='ocrx_word' id='word_1_518' title='bbox 1199 4615 1355 4682; x_wconf 72' lang='lat' dir='ltr'><strong>»deberet</strong></span> <span class='ocrx_word' id='word_1_519' title='bbox 1371 4617 1525 4700; x_wconf 86' lang='lat' dir='ltr'><strong>probare.</strong></span> <span class='ocrx_word' id='word_1_520' title='bbox 1546 4627 1583 4682; x_wconf 91' lang='lat' dir='ltr'><strong>ut</strong></span> <span class='ocrx_word' id='word_1_521' title='bbox 1594 4615 1671 4701; x_wconf 85' lang='lat' dir='ltr'><strong>Dig.</strong></span> <span class='ocrx_word' id='word_1_522' title='bbox 1686 4617 1728 4680; x_wconf 92' lang='lat' dir='ltr'><strong>de</strong></span> <span class='ocrx_word' id='word_1_523' title='bbox 1743 4617 1873 4700; x_wconf 85' lang='lat' dir='ltr'><strong>probat.</strong></span> <span class='ocrx_word' id='word_1_524' title='bbox 1888 4618 1941 4699; x_wconf 84' lang='grc'><strong>22,</strong></span> <span class='ocrx_word' id='word_1_525' title='bbox 1957 4619 1988 4684; x_wconf 90' lang='grc'><strong>3.</strong></span> <span class='ocrx_word' id='word_1_526' title='bbox 2002 4619 2021 4684; x_wconf 90' lang='lat' dir='ltr'><strong>l.</strong></span> 
     </span>
     <span class='ocr_line' id='line_1_63' title="bbox 1199 4718 1830 4802; baseline 0.006 -20"><span class='ocrx_word' id='word_1_527' title='bbox 1199 4737 1293 4783; x_wconf 75' lang='lat' dir='ltr'><strong>teum</strong></span> <span class='ocrx_word' id='word_1_528' title='bbox 1309 4719 1350 4784; x_wconf 90' lang='lat' dir='ltr'><strong>de</strong></span> <span class='ocrx_word' id='word_1_529' title='bbox 1365 4719 1520 4788; x_wconf 84' lang='lat' dir='ltr'><strong>indebito.</strong></span> <span class='ocrx_word' id='word_1_530' title='bbox 1534 4718 1587 4784; x_wconf 86' lang='grc'><strong>25.</strong></span> <span class='ocrx_word' id='word_1_531' title='bbox 1603 4721 1692 4786; x_wconf 88' lang='lat' dir='ltr'><strong>eirea</strong></span> <span class='ocrx_word' id='word_1_532' title='bbox 1705 4720 1830 4802; x_wconf 88' lang='lat' dir='ltr'><strong>priuo.’&#39;</strong></span> 
     </span>
    </p>
   </div>
   <div class='ocr_carea' id='block_1_27' title="bbox 0 0 2412 5956">
    <p class='ocr_par' dir='ltr' id='par_1_28' title="bbox 0 0 2412 5956">
     <span class='ocr_line' id='line_1_64' title="bbox 0 0 2412 5956; baseline 0 0"><span class='ocrx_word' id='word_1_533' title='bbox 0 0 2412 5956; x_wconf 95' lang='lat' dir='ltr'><strong> </strong></span> 
     </span>
    </p>
   </div>
  </div>
 </body>
</html>
