4786 5962
365 563 408 629 10
859 605 862 612 .
955 553 1040 621 Pillii
1068 557 1110 622 de
1138 555 1211 622 ord.
1239 553 1384 620 iudicior.
1427 553 1464 618 P.
1481 552 1510 619 l.

367 750 550 826 commode
583 748 779 843 coneipitur
810 744 969 818 libellus:
1013 747 1118 840 „Ego
1145 745 1187 814 B.
1214 767 1415 841 conqueror
1441 742 1485 814 de
1510 741 1560 815 itt.
1585 742 1678 816 etc.”
1695 740 1756 834 44)).
1783 781 1836 796 -
1885 745 1932 816 lit
1956 769 2094 842 semper

367 879 442 948 res,
470 855 567 926 onius
593 850 776 947 possessio
803 851 955 945 petitur,
982 861 1037 919 est
1062 850 1098 918 in
1125 843 1247 920 libello
1272 843 1497 940 designanda.

469 956 740 1028 consueverunt
772 953 919 1046 insuper
948 949 1033 1021 boni
1065 947 1227 1020 advocati
1261 960 1297 1020 et
1323 949 1500 1045 sapientes
1527 948 1618 1020 circa
1645 946 1752 1020 linem
1782 945 1895 1019 libelli
1924 950 2092 1022 inserere:

369 1057 496 1151 „salvo
534 1082 599 1147 eo,
641 1056 669 1126 si
704 1054 787 1152 plus
827 1052 944 1125 dicere
986 1049 1170 1123 voluero.”
1210 1051 1269 1124 vel
1305 1061 1512 1144 „reservata
1545 1049 1630 1122 mihi
1665 1050 1804 1122 licentia
1841 1062 1877 1121 et
1917 1063 2094 1148 potestate

336 1158 550 1254 5„nddendi
576 1156 761 1255 usquead
787 1164 1042 1225 sacramentum
1068 1152 1296 1226 calumniae.'’
1348 1153 1395 1224 Et
1426 1151 1494 1224 hoc
1525 1163 1636 1224 toturn
1669 1151 1801 1224 indices
1828 1151 2016 1226 admittunt
2030 1152 2093 1250 ⁴¹).

468 1262 557 1333 Item
584 1256 853 1357 quaestuarii),
888 1281 934 1326 nn
958 1255 1003 1327 ‹le
1030 1253 1136 1328 rebus
1168 1255 1309 1336 incertis
1338 1255 1456 1353 possit
1479 1252 1624 1326 libellus
1653 1253 1810 1352 concipi,
1842 1265 1948 1352 puta:
1983 1281 2093 1349 „con-

369 1389 529 1461 „queror
552 1362 596 1434 de
623 1358 809 1450 omnibus,
852 1383 940 1454 qnae
970 1358 1114 1430 inerunt
1143 1359 1255 1455 patris
1289 1355 1391 1431 mei.'’
1457 1356 1504 1428 Et
1534 1355 1659 1429 dicunt
1693 1356 1856 1455 quidam,
1902 1359 1998 1454 quod
2030 1361 2093 1450 sic,

369 1470 450 1563 quia
476 1465 601 1538 iudicio
631 1459 844 1560 procedente
869 1471 992 1552 actor,
1020 1486 1098 1533 eum
1126 1461 1198 1534 edit
1225 1461 1418 1553 actionem,
1452 1483 1533 1552 res,
1572 1483 1661 1558 quas
1686 1460 1794 1556 petit,
1822 1470 1857 1530 et
1881 1484 2004 1532 causas
2031 1487 2094 1558 pe·

369 1569 501 1640 titionis
527 1564 635 1638 debet
661 1562 863 1659 explanare.
898 1574 934 1636 et
960 1587 1032 1635 non
1056 1561 1178 1634 dicunt
1205 1563 1377 1634 actionem
1406 1560 1576 1633 edendum
1604 1563 1641 1632 in
1667 1559 1801 1634 libello.
1827 1572 1863 1632 et
1888 1562 1939 1634 sic
1964 1563 2095 1635 intelli·

321 1699 353 1749 to
371 1680 459 1763 gunt
483 1679 520 1741 et
545 1675 729 1761 exponunt
754 1689 877 1735 omncs
905 1663 1016 1758 leges,
1042 1688 1130 1761 quae
1157 1665 1320 1762 superius
1342 1663 1567 1734 continentur
1591 1663 1635 1736 de
1660 1663 1909 1736 certificatione
1936 1663 2095 1736 indenda

370 1770 415 1842 ab
443 1781 564 1842 actore
579 1769 640 1858 43).
693 1765 763 1838 Sed
796 1765 865 1838 boc
891 1790 1040 1864 prorsus
1068 1765 1195 1838 falsum
1221 1765 1375 1858 videtur,
1418 1767 1502 1864 qnia
1533 1767 1602 1836 iam
1634 1791 1717 1838 rens
1752 1790 1824 1838 non
1857 1777 1980 1861 posset
2014 1791 2096 1838 esse

369 1875 564 1944 instructus
591 1869 635 1940 ad
660 1867 948 1964 respondendnm
975 1868 1038 1940 tali
1063 1870 1258 1965 scripturae
1284 1867 1464 1966 petitionis
1482 1867 1554 1964 44),
1591 1878 1741 1964 propter
1764 1866 1860 1937 illam
1886 1868 2094 1959 generalita-

370 1987 459 2066 tem,
498 1995 589 2070 quae
617 1969 882 2063 ambiguitatem
907 1971 1041 2042 inducit
1077 1985 1113 2044 et
1146 1968 1409 2044 obscuritatem.
1447 1981 1486 2042 nt
1511 1970 1592 2062 ltig.
1619 1970 1664 2043 de
1691 1971 1755 2040 inr.
1784 1968 1869 2040 fisci.
1886 1966 1950 2061 49,
1979 1967 2039 2042 ld.
2067 1969 2092 2040 l.

369 2077 427 2148 ita.
449 2070 514 2144 itt.
579 2074 654 2144 Nec
679 2071 821 2162 obstat,
864 2073 958 2168 quod
986 2070 1047 2142 ubi
1080 2069 1289 2166 ambiguitas
1321 2081 1376 2143 est
1409 2072 1445 2141 in
1477 2070 1625 2164 iudicio,
1665 2070 1702 2143 id
1734 2069 1999 2162 intelligendum
2025 2083 2093 2164 est,

321 2201 353 2252 15
371 2175 416 2248 de
449 2199 520 2272 quo
554 2187 654 2248 actor
687 2177 848 2246 senserit.
884 2185 924 2244 ut
956 2175 1035 2267 ltig.
1069 2176 1114 2248 de
1148 2173 1247 2246 verb.
1281 2169 1432 2262 obiti,
1463 2169 1496 2244 l.
1528 2173 1552 2244 l.
1586 2176 1679 2245 inter
1712 2168 2023 2270 stipulantem.85.
2058 2170 2093 2270 S.

371 2276 539 2350 Stichum.
554 2274 592 2348 l.
615 2303 695 2348 nam
724 2276 821 2347 istud
845 2275 925 2349 ideo
953 2277 1146 2372 contingit,
1183 2277 1261 2376 quia
1287 2272 1468 2372 estquod
1493 2276 1690 2373 imputetur
1715 2301 1798 2368 reo,
1840 2299 1904 2345 eur
1930 2299 2002 2347 non
2027 2301 2094 2372 po·

364 2378 516 2451 «stativis
540 2403 614 2450 rem
640 2379 766 2452 certius
780 2378 828 2470 45)
856 2376 1044 2471 designari.
1094 2381 1184 2450 ltem
1207 2377 1305 2475 quod
1332 2375 1462 2449 dicitur
1487 2377 1523 2448 in
1551 2379 1630 2471 big.
1662 2377 1707 2448 de
1740 2377 1811 2448 iud.
1825 2371 1863 2470 5,
1890 2374 1924 2449 1.
1949 2376 1973 2447 l.
2000 2375 2094 2449 sole·

371 2507 462 2552 mus.
476 2477 538 2554 61.
551 2483 699 2574 „omnia
715 2480 833 2552 venire
850 2481 888 2549 in
904 2477 1091 2570 iudicium,
1118 2481 1185 2552 nisi
1200 2479 1246 2552 de
1266 2477 1396 2578 quibus
1422 2490 1537 2551 aetum
1551 2490 1625 2572 est,
1654 2505 1699 2552 ne
1721 2480 1908 2573 veniant’',
1934 2478 2094 2572 intelligo

371 2584 414 2656 de
438 2582 493 2654 his
520 2581 703 2674 omnibus,
747 2605 838 2679 quae
866 2583 1094 2654 continentur
1123 2592 1160 2656 et
1184 2579 1436 2678 comprehendi
1466 2594 1620 2678 possunt
1652 2580 1720 2654 snb
1752 2580 1920 2678 petitione
1951 2583 2095 2656 actionis

322 2723 355 2773 20
372 2685 578 2784 propositae
595 2684 656 2782 ⁴⁶).

414 2938 473 3020 411)
516 2939 565 3001 Μ.
581 2947 636 3001 etc.
651 2974 694 2986 -
712 2935 750 3001 P.
767 2938 794 3001 l.
812 2958 875 3002 sm.
892 2935 976 3002 etc.'’
999 2969 1037 2982 -
1059 2934 1099 3000 B.
1114 2934 1151 2999 P.
1166 2934 1199 2998 2.
1271 2936 1390 3002 svend.
1402 2935 1455 3016 19,
1465 2934 1493 3000 1.
1508 2933 1532 3002 l.
1549 2956 1684 3023 quaero.
1693 2935 1745 3002 39.
1763 2935 1971 3003 Contrarium
1985 2943 2094 3000 tannen

374 3039 498 3104 „man”
512 3075 556 3084 -
571 3037 610 3102 G.
623 3037 770 3118 „Murco³
786 3043 842 3123 qui
855 3039 975 3105 iniuste
988 3035 1067 3102 mihi
1080 3035 1202 3102 defluet
1271 3057 1362 3123 surg.
1384 3047 1437 3102 est
1450 3036 1524 3122 Dig.
1547 3039 1588 3104 de
1608 3039 1733 3124 adquin.
1757 3039 1916 3124 possdl,
1930 3037 1962 3102 1.
1983 3033 2005 3100 l.
2021 3054 2094 3101 cer·

375 3137 1202 3224 „remmemvetpossessionemtalem,·quampeto
1271 3149 1345 3204 stus
1358 3138 1545 3204 locus.26.'’
1559 3177 1601 3187 -
1616 3138 1667 3204 Cf.
1682 3151 1747 3205 not
1763 3160 1833 3226 seq.
1842 3141 1893 3204 42.

375 3252 430 3305 „ut
443 3239 522 3305 mihi
536 3242 714 3306 restimat”
734 3277 778 3286 -—
807 3245 966 3304 Damasus
987 3250 1095 3306 autem
1118 3240 1202 3304 titi.
1354 3241 1426 3306 Nec
1454 3242 1732 3326 praetereundum
1761 3251 1830 3319 est,
1861 3240 1946 3324 qnod
1967 3240 2001 3304 in
2031 3238 2094 3318 his,

342 3367 357 3413 5
374 3364 423 3427 pr.
434 3340 515 3406 exh.
524 3341 543 3404 l.
554 3341 630 3423 „M.‚
647 3343 702 3427 qui
715 3342 839 3407 detinet
851 3341 1102 3426 possessiones,
1118 3359 1204 3427 qnae
1273 3362 1360 3428 quae
1376 3345 1534 3406 Damasus
1548 3346 1594 3408 tit.
1606 3343 1637 3406 7.
1667 3361 1709 3407 ex
1728 3341 1813 3408 Pillii
1838 3340 1925 3408 libro
1953 3361 1992 3407 se
2012 3339 2093 3407 hau·

375 3443 560 3526 „pertinent
573 3443 616 3507 ad
631 3441 840 3524 bonoillius,
857 3443 911 3508 cui
925 3443 1106 3508 snccessi”
1272 3443 1361 3510 sisse
1375 3443 1557 3528 profitetur,
1570 3443 1650 3508 nihil
1664 3447 1801 3508 istorum
1810 3447 1953 3510 omnium
1966 3444 2094 3529 legitur.

416 3545 478 3620 41)
523 3545 582 3628 Sp.
598 3544 682 3609 addc
699 3543 790 3609 „Sed
804 3543 883 3610 licet
897 3545 1043 3626 dicatio,
1066 3545 1156 3630 quod
1170 3546 1206 3610 in
1315 3545 1375 3630 41)
1417 3547 1454 3610 ln
1467 3546 1519 3612 his
1534 3544 1649 3612 Pillius
1665 3549 1810 3630 genuina
1824 3549 1868 3608 Io.
1885 3550 1977 3611 Baro.
1991 3545 2096 3610 verba

376 3645 485 3710 „omni
506 3667 613 3711 cansa
635 3665 678 3711 ex
699 3646 814 3712 ordine
829 3644 960 3712 libellus
976 3647 1019 3712 sit
1031 3652 1205 3732 porrigen·
1274 3646 1319 3731 (r.
1335 3650 1484 3730 Sumque.
1506 3648 1527 3712 l.
1549 3645 1740 3732 epoptas.
1756 3666 1845 3714 vers.
1853 3647 1882 3713 8.
1898 3650 1979 3728 eto.)
1998 3665 2095 3712 seen·

376 3748 471 3828 silus,
487 3765 529 3811 ex
544 3766 715 3812 consensu
728 3745 1207 3832 tamenpurtiumt'ortepotest
1273 3759 1328 3814 tus
1350 3759 1410 3814 est
1432 3783 1475 3798 -
1503 3747 1556 3816 Gi.
1573 3752 1685 3814 Pauor.
1706 3771 1739 3834 p.
1751 3749 1782 3814 2.
1803 3751 1849 3815 tit.
1867 3747 1918 3815 13.
1939 3767 2027 3814 vers.
2055 3748 2097 3810 Et

327 3868 359 3917 ιιι
378 3867 503 3914 „causa
515 3851 650 3914 tractari
672 3851 745 3914 sine
765 3849 869 3916 libelli
887 3849 1062 3917 oblatione.
1083 3861 1120 3917 ut
1133 3871 1204 3937 arg.
1274 3851 1363 3937 qnod
1378 3850 1451 3915 dict.
1469 3861 1530 3916 est.
1546 3849 1648 3917 subi.
2227 3921 2231 3928 ,

377 3951 430 4013 „in
461 3949 560 4016 Anth.
590 3950 632 4016 de
654 3949 787 4035 litigios.
817 3949 847 4038 §.
877 3953 922 4017 ad
949 3951 1205 4020 excludendas-’³
1315 3951 1374 4036 43)
1418 3952 1543 4016 Atili-ici
1562 3973 1684 4018 nomen
1704 3951 1851 4018 laudavit
1865 3955 1911 4016 10.
1926 3955 2017 4016 Basa.
2036 3949 2057 4015 l.
2073 3949 2094 4012 l.

377 4051 787 4136 (Nov.112.c.2.ini-
815 4052 883 4118 lsta
906 4054 952 4118 ad
971 4053 1026 4120 tin.
1050 4053 1121 4141 §.l
1139 4054 1204 4119 hui.
1315 4053 1375 4136 44)
1418 4057 1476 4118 tati
1491 4061 1667 4136 scripturae
1682 4061 1848 4136 petitionis.
1876 4053 1929 4117 lix
1949 4055 2033 4117 coni.
2054 4087 2098 4098 -

375 4163 457 4236 part.
486 4156 596 4236 potius
625 4152 745 4219 referri
773 4156 924 4238 potuisse
953 4154 1051 4222 lacile
1080 4156 1206 4230 vides.)
1274 4155 1325 4222 Al.
1351 4154 1428 4221 „tali
1443 4157 1630 4242 scripturae
1652 4156 1827 4240 petitioni.”
1844 4155 1880 4220 B.
1913 4152 1949 4218 P.
1966 4153 1994 4218 1.
2009 4155 2039 4218 2.
2054 4189 2097 4200 --

364 4249 579 4329 'sQnaeritnr
592 4253 665 4333 hic,
689 4275 731 4320 an
744 4255 857 4322 libello
873 4258 979 4323 semel
993 4268 1149 4344 porrecto
1164 4257 1208 4324 sit
1275 4256 1352 4324 „toti
1375 4261 1518 4343 scriptae
1539 4259 1718 4342 petitioni.”
1738 4255 1776 4320 G.
1808 4291 1849 4303 -
1877 4257 2006 4319 Damae.
2028 4266 2097 4319 „tu-

331 4371 362 4418 rs
380 4357 517 4421 „iterum
545 4357 800 4442 porrigendus?
831 4359 900 4441 (De
922 4359 987 4427 boc
1008 4361 1206 4447 quaestione
1275 4358 1371 4426 „liter
1398 4361 1544 4444 scriptae
1576 4359 1753 4445 petitioni.”
1780 4391 1824 4404 -
1857 4354 1987 4422 Clarius
2013 4355 2045 4419 h.
2074 4355 2095 4418 l.
2213 4397 2219 4404 -

378 4457 451 4539 ipse
466 4457 674 4525 noetercii.
690 4457 878 4542 disputavit.
901 4460 952 4526 ct.
971 4461 1005 4528 b.
1020 4473 1104 4546 part.
1120 4461 1206 4549 §.7.)
1274 4465 1321 4526 Io.
1336 4466 1430 4527 Bais.
1452 4481 1553 4528 „reus
1567 4499 1610 4510 -
1630 4497 1674 4508 —
1686 4481 1753 4525 non
1768 4461 1868 4525 debet
1887 4457 2095 4542 respondere

462 4559 642 4626 Praeterea
666 4559 706 4624 G.
742 4559 848 4640 „ltcm
870 4573 981 4646 potest
1002 4565 1133 4648 quaeri,
1163 4583 1205 4629 an
1275 4563 1361 4629 „nisi
1375 4564 1522 4647 scriptae
1534 4563 1692 4648 petitioni,
1709 4571 1742 4627 et
1754 4563 2023 4647 perscripturum
2039 4559 2095 4624 de·

380 4657 475 4723 „talis
503 4660 636 4728 libellus
665 4663 708 4727 sit
732 4663 972 4745 admittendus,
1000 4675 1098 4750 puta,
1127 4684 1206 4730 eon·
1275 4667 1352 4732 „het
1364 4665 1481 4731 instrui
1503 4666 1546 4742 ad
1567 4664 1753 4730 cedendum
1768 4664 1823 4729 vel
1840 4662 1881 4724 ad
1897 4662 2095 4726 contenden-

381 4777 523 4844 „queror
544 4763 585 4827 de
599 4763 652 4830 his
667 4763 839 4846 omnibus,
868 4787 954 4852 quae
975 4764 1097 4847 hebes,
1126 4787 1207 4850 pos·
1276 4767 1395 4845 ndum,
1424 4767 1514 4852 quod
1534 4786 1601 4830 non
1615 4778 1733 4850 posset
1753 4762 1824 4828 lieri
1837 4760 1871 4824 in
1885 4759 1941 4826 illa
1956 4781 2096 4848 genera·

331 4887 365 4937 20
383 4861 494 4926 „sides
509 4858 551 4947 ‘et
573 4865 697 4930 retines
719 4866 853 4932 invilla
874 4868 950 4946 tali,
978 4866 1032 4932 vel
1046 4867 1080 4932 in
1095 4879 1207 4934 castro
1275 4867 1418 4934 „litate”

383 4960 467 5026 stall.
490 4973 524 5027 et
550 4964 629 5028 dixit
647 4966 800 5034 dominius
822 4969 928 5048 ioan,
958 4969 1046 5054 qnod
1073 4968 1207 5036 libellus
1316 4967 1376 5050 45)
1418 4989 1482 5030 reru
1497 4978 1621 5036 certiiie.
1637 4971 1675 5034 P.
1685 4969 1715 5030 1.
1730 4963 1770 5028 G.
1785 4963 2008 5031 —aecrtius'’
2022 4962 2094 5026 Pe.

383 5061 479 5126 „talis
494 5063 602 5130 bonus
617 5074 679 5130 est.
694 5087 764 5152 arg.
779 5073 870 5149 eius,
894 5071 981 5156 qnod
996 5069 1118 5154 legitur
1130 5071 1207 5156 Dig.
1275 5105 1317 5117 -
1332 5079 1365 5133 et
1379 5069 1430 5133 sic
1444 5074 1489 5134 10.
1506 5074 1597 5136 licre
1613 5067 1756 5134 „cenins
1771 5068 1872 5132 rem.”
1886 5103 1928 5113 -
1942 5063 2095 5130 Abnuer-

255 5241 260 5247 Ι
382 5165 445 5227 „de
460 5165 605 5230 contruh.
630 5177 705 5233 emt.
721 5179 753 5232 et
766 5173 867 5236 vend.
879 5169 931 5248 18,
948 5171 977 5236 l.
997 5171 1016 5236 1.
1031 5169 1115 5239 haec
1127 5192 1207 5238 ven·
1277 5180 1363 5235 „tam
1378 5173 1479 5237 rem.”
1492 5173 1530 5238 B.
1547 5172 1639 5237 etita
1653 5172 1779 5230 Ιὶιιιιιιιι.

283 5311 295 5328 .
332 5317 336 5326 ,
381 5265 528 5331 „iitioz
544 5267 571 5353 §.
590 5270 687 5352 pen.”
707 5268 754 5354 (§.
767 5271 812 5356 l.)
836 5282 890 5337 „et
903 5271 976 5359 nig.
995 5274 1037 5338 de
1052 5285 1116 5340 aet.
1131 5283 1206 5338 emt.
1318 5273 1379 5356 46)
1423 5274 1475 5342 Cf.
1492 5273 1634 5352 Hriqolio.
1652 5267 1693 5333 Ι).
1709 5269 1750 5334 D.
1766 5267 1875 5354 §.ase
1890 5267 2045 5355 pug.481.
