4812 5966
877 1396 1034 1490 ordo
1054 1393 1400 1486 inuretur-tna.
1421 1399 1448 1468 ί)

399 1606 560 1678 Assidnis
585 1605 884 1704 postulationibus
913 1631 987 1699 mc,
1027 1605 1196 1678 carissimi
1224 1607 1333 1700 socii,
1374 1607 1441 1678 ianr
1472 1605 1602 1678 dudum
1631 1605 1795 1680 inducere
1820 1605 2017 1698 studuistis,

299 1718 339 1778 ut
364 1708 497 1782 ordinis
522 1709 691 1781 iudiciarii
715 1708 891 1802 libellum,
917 1733 991 1806 quo
1017 1719 1118 1780 actor
1143 1707 1187 1779 ad
1214 1707 1408 1803 agendum,
1436 1733 1515 1781 rcus
1541 1707 1585 1779 ad
1611 1707 1879 1802 defendendum,
1905 1721 1941 1780 et
1965 1710 2017 1780 iu·

298 1810 368 1881 dex
394 1811 438 1882 ad
464 1837 605 1883 causam
635 1811 858 1903 audiendam,
891 1809 1157 1882 examinandam
1182 1833 1225 1882 ac
1251 1808 1491 1883 diffiniendam
1524 1812 1650 1882 instrui
1684 1811 1843 1904 valcant,
1879 1823 2017 1882 vestrae

297 1937 546 2086 pomponcpplm
572 1915 717 2086 caritati.
767 1912 956 2086 Dpsidcrisis
973 1913 1109 2084 cittluquu
1136 1911 1493 2085 vestripdsatisiaccre
1525 1913 1670 2032 cupiens
1670 1962 1704 2087 ᾗ
1707 2015 1716 2034 .
1736 1940 1824 2085 perard
1845 1911 1927 2064 mi²lri
1943 1937 2016 2084 Aur·

297 2039 421 2208 iffi:
448 2039 492 2188 dd
517 2028 1129 2212 indladscdiugddnirdlmrplilatilrsrdlg
1155 2037 1253 2208 legg
1280 2037 1502 2186 :prgam
1519 2023 2050 2213 gardmpdurugiadlridlsssl)iudd·⁵

295 2216 408 2290 condo
435 2230 470 2290 ei
495 2243 562 2315 pro
587 2231 737 2318 utraque
771 2230 873 2316 parte
903 2220 939 2288 in
973 2217 1120 2312 singulis
1154 2215 1312 2288 articulis
1342 2215 1530 2308 allegando
1568 2219 1748 2308 tractavit,
1789 2216 2018 2312 postmodum

296 2317 419 2390 Piilius
445 2321 690 2394 Medicincnsis
709 2320 761 2414 ⁴),
787 2321 906 2413 legum
935 2317 1062 2391 doctor
1079 2321 1111 2410 5)
1139 2319 1323 2412 egregius,
1358 2317 1451 2389 civili
1478 2318 1620 2410 ordine,
1654 2341 1788 2416 paucos
1813 2329 1930 2390 tamon
1958 2343 2016 2390 ca·

296 2445 406 2494 nones
433 2420 651 2516 inducendo,
688 2423 903 2497 admodum
929 2446 1085 2493 summae
1116 2418 1303 2492 scribendo
1329 2419 1500 2518 perfecit,
1535 2445 1637 2518 quem
1670 2445 1738 2518 pro
1766 2420 1823 2490 sui
1847 2421 2017 2516 sapientia

296 2535 332 2594 ct
355 2523 515 2596 doctrina
542 2526 578 2595 in
596 2525 762 2624 pluribus
787 2523 916 2596 imitari
942 2521 1110 2618 dispono,
1136 2523 1173 2592 in
1198 2521 1253 2594 lais
1278 2522 1467 2620 praecipue
1491 2519 1645 2614 casibus,
1673 2518 1801 2621 quihus
1824 2521 2017 2594 secundum
2037 2539 2068 2590 10

295 2626 350 2696 ius
376 2626 475 2698 civile
494 2639 554 2707 ,est
580 2629 616 2699 in
643 2628 724 2703 toro
751 2627 915 2700 ecclesiae
942 2623 1207 2722 procedendum
1234 2635 1270 2696 et
1294 2621 1358 2695 nbi
1382 2623 1480 2717 leges
1507 2625 1617 2698 sacris
1643 2622 1838 2696 canonibus
1865 2647 1935 2696 non
1962 2648 2018 2695 rc·

295 2740 493 2823 pugnant,⁴
522 2732 558 2800 in
586 2733 712 2804 ceteris
740 2755 825 2802 vero
851 2751 973 2800 sacros
1005 2752 1156 2816 mannes
1184 2724 1427 2800 saecularibus
1459 2722 1595 2820 legibus
1623 2724 1876 2822 praeferendo,
1919 2725 2018 2822 quod

293 2831 478 2924 poscitis„
507 2831 702 2904 secundum
729 2841 862 2904 statuta
898 2830 1063 2902 canonica
1096 2829 1288 2926 adimplere
1317 2825 1482 2900 studebo.
1546 2828 1716 2900 invocato
1742 2828 1851 2920 igitur
1876 2828 2018 2900 nominc

294 2931 436 3001 Domini
458 2935 572 3004 nostri
596 2936 679 3006 iesu
704 2933 854 3025 Christi,
890 2931 1038 3031 eiusque
1062 2932 1197 3028 pariter
1223 2931 1394 3023 suffragio
1419 2929 1622 3026 postulato,
1660 2926 1703 2999 ad
1727 2929 1939 3026 praemissae
1965 2929 2016 3002 rei

294 3039 481 3104 tractatum
509 3034 638 3106 accedo
656 3034 699 3126 6).
2035 3033 2066 3083 ¹⁵

337 3281 373 3366 1)
415 3282 454 3347 Β.
468 3281 526 3347 Bs.
550 3284 683 3370 ”incipit
705 3286 788 3349 ordo
810 3283 1002 3350 iudiciarios
1018 3284 1121 3370 magi·
1190 3283 1265 3348 iod
1297 3317 1337 3331 —
1359 3282 1493 3348 „Pilutus
1508 3283 1697 3348 lindicen.”
1710 3281 1760 3348 Bi.
1774 3281 1810 3347 F.
1827 3281 1901 3350 1.2.
1923 3281 2016 3350 llam.

293 3385 373 3449 astri
394 3383 592 3452 Tancredi.”
609 3386 663 3466 (B.
681 3387 757 3452 add.
774 3385 1063 3466 „Bononiensem
1079 3421 1122 3432 —
1190 3383 1234 3448 Μ.
1251 3385 1278 3448 l.
1296 3419 1336 3432 -
1353 3384 1490 3452 „Prilius
1504 3383 1748 3450 Mediolanen.”
1763 3383 1808 3450 Μ.
1822 3384 1854 3448 2.
1876 3419 1919 3434 -
1941 3383 2015 3451 „Pi-

294 3482 332 3550 L.
349 3487 378 3552 1.
400 3485 520 3570 aincip.
541 3507 572 3552 o.
593 3488 614 3552 i.
637 3507 723 3573 mag.
745 3487 899 3555 Tancreti
918 3487 1047 3552 Bonon.
1067 3507 1122 3552 ca·
1192 3485 1276 3553 „tius
1290 3487 1500 3553 mediocris.”
1515 3485 1577 3552 Eo.
1594 3486 1623 3552 1.
1638 3524 1681 3535 -
1695 3479 1860 3552 „pileus”
1872 3483 1926 3550 Ed
1943 3487 1972 3550 2.
1982 3487 2014 3552 4.

294 3587 456 3654 „norint”
477 3623 517 3639 -
537 3589 613 3654 ini.
630 3588 747 3673 olnoip.
763 3589 896 3654 libellus
911 3589 1122 3675 Trenqueti.''
1190 3622 1233 3634 ·-
1256 3585 1410 3653 „Pilaeus
1433 3589 1662 3654 Mutinensis.”
1688 3588 1737 3666 (iu
1762 3607 1865 3674 marg.
1892 3585 1953 3652 cai.
1976 3585 2015 3652 P.

293 3689 388 3755 -L.
403 3691 434 3755 4.
450 3690 570 3777 »lnoip
586 3711 615 3756 o.
630 3691 651 3754 i.
665 3711 752 3776 mag.
767 3691 950 3757 Tauoreti.”
972 3727 1014 3738 -
1038 3689 1074 3754 F.
1089 3691 1120 3755 2.
1189 3687 1450 3770 aliodiiensis.”)
1472 3689 1581 3756 Edit.
1609 3723 1652 3736 -·
1681 3687 1733 3754 (il.
1756 3711 1783 3753 o.
1799 3692 1947 3770 Sucipoy.
1967 3687 2045 3756 (Μ

293 3789 387 3856 iiam.
403 3792 522 3876 olncip.
536 3813 567 3857 o.
582 3792 602 3856 i.
618 3791 803 3858 'senoreti’'
829 3829 868 3841 -
889 3791 934 3858 Μ.
953 3790 981 3856 1.
1000 3791 1121 3874 „incip
1189 3793 1218 3852 d.
1235 3793 1275 3853 ii.
1293 3795 1334 3854 R.
1350 3799 1369 3855 τ’.
1386 3794 1433 3855 Μ.
1448 3789 1487 3856 Τ.
1503 3791 1534 3857 4.
1549 3812 1624 3878 pag.
1639 3791 1712 3855 271.
1728 3801 1847 3876 etseq.

294 3893 506 3959 „indiciarius
529 3894 570 3959 de
591 3893 662 3958 iuro
683 3895 844 3960 canonico
866 3904 900 3958 et
922 3892 1052 3978 legali?
1078 3928 1121 3942 -
1230 3890 1269 3975 5)
1311 3895 1412 3971 tepum
1433 3897 1547 3956 doctor.
1578 3927 1619 3941 -—
1647 3891 1698 3960 ut.
1719 3892 1749 3957 1.
1764 3892 1795 3956 2.
1819 3889 1959 3974 »legista
1982 3900 2015 3955 et

293 3991 338 4056 Μ.
351 3993 382 4057 2.
402 3995 519 4078 „incip
540 4015 648 4060 novus
668 3995 856 4061 ordinarius
876 3993 1058 4061 'fenereti''
1079 4029 1121 4042 -
1189 3991 1358 4059 „doctor”

294 4097 339 4155 10.
355 4095 459 4158 Andr.
476 4101 520 4158 ad
530 4099 570 4159 D.
585 4119 632 4178 sp.
649 4095 787 4162 „Toron
806 4097 839 4160 in
854 4097 969 4162 ordine
985 4096 1120 4161 iudicia·
1230 4094 1268 4179 6)
1309 4095 1446 4162 'Omissa
1460 4087 1628 4160 Tancredi
1642 4090 1914 4179 praefatiuncula,
1936 4091 2013 4157 uu.

294 4195 394 4259 ”riu”
424 4194 474 4260 Cs.
496 4207 562 4261 not
586 4217 657 4284 seq.
679 4199 722 4263 ad
744 4197 775 4262 h.
791 4198 911 4264 Tancr.
925 4217 1075 4283 prooem.
1090 4196 1120 4261 6.
1187 4195 1640 4271 „Quoniamadimitationem
1655 4196 1816 4261 maiorum
1830 4197 1863 4260 in
1872 4194 2011 4260 minimis
2033 4207 2063 4259 ιο

293 4297 357 4360 sub
370 4293 407 4377 i,
420 4307 488 4360 not.
501 4298 532 4362 4.
551 4299 594 4364 ad
607 4309 691 4384 part
701 4301 730 4365 l.
745 4300 789 4364 tit.
795 4299 919 4383 Quot.
931 4300 962 4363 2.
979 4300 1021 4364 ad
1036 4311 1117 4382 part.
1188 4299 1354 4364 „imminet
1367 4297 1531 4368 correctio
1546 4295 1710 4378 iacienda,
1726 4297 1851 4366 idcirco
1860 4294 2012 4380 egoBar-

295 4397 323 4461 l.
338 4397 381 4462 tit.
398 4397 443 4476 4.,
458 4407 492 4461 ct
503 4409 568 4464 not
584 4399 614 4464 3.
632 4403 674 4465 ad
688 4412 771 4485 part.
786 4403 816 4466 2.
834 4403 878 4466 tit.
894 4401 925 4466 6.
1188 4397 1414 4464 „tholomaeus
1426 4396 1612 4465 Brixicnsis
1626 4397 1772 4463 libellum
1786 4395 2013 4462 indiciarium”

334 4499 372 4582 2)
416 4501 603 4563 uictarum.
618 4501 675 4565 Bs.
691 4501 727 4567 F.
744 4502 772 4567 1.
788 4505 817 4566 2.
841 4537 881 4550 ·-
903 4501 1119 4569 „aicardus”
1189 4500 1394 4575 (ata-ordinis
1409 4500 1596 4566 udiciaria·
1611 4499 1649 4564 L.
1657 4498 1704 4580 3.)
1713 4498 1895 4584 ”qnondam
1911 4517 2012 4563 ama-

292 4599 330 4665 B.
346 4599 382 4666 L.
401 4599 430 4665 l.
445 4599 476 4664 2.
495 4635 535 4648 -
551 4598 602 4662 ΑΙ.
618 4601 697 4666 „a”
712 4603 760 4668 Bi.
775 4603 820 4668 Μ.
838 4603 867 4667 1.
881 4601 912 4666 2.
1186 4599 1495 4686 „gistro‘fsnoredo
1510 4603 1724 4688 compositum
1732 4601 1808 4664 duxi
1817 4619 1878 4684 pro
1886 4600 2013 4664 viribus

334 4703 373 4784 3)
416 4707 475 4766 rut
502 4705 720 4784 por-apropirr‘r.
751 4703 857 4768 Codd.
880 4701 936 4781 Τ.;
967 4704 1058 4770 eth.
1086 4704 1115 4769 d.
1187 4701 1462 4768 „reformandum
1479 4705 1666 4770 Notandum
1674 4711 1726 4767 est
1736 4699 1844 4785 igitur,
1860 4702 1947 4788 quod
1963 4704 2010 4765 iu·
2030 4707 2060 4757 1⁵

293 4815 326 4868 et
353 4802 374 4867 Ι.
396 4813 468 4868 test.
494 4807 538 4866 Io.
559 4803 662 4866 Andr.
685 4807 727 4863 ud
739 4807 776 4864 D.
797 4825 845 4883 ap.
869 4826 1017 4891 prooem.
1037 4805 1070 4870 in
1087 4827 1117 4871 v.
1186 4806 1368 4871 „diciorum
1383 4807 1478 4886 ordo,
1494 4805 1644 4891 quamvis
1659 4803 1691 4868 in
1706 4800 1857 4888 pluribus
1872 4803 1931 4867 ...”
1947 4801 2011 4880 (Cf.

292 4904 450 4987 piurimis.
461 4901 574 4990 ”leges
590 4915 623 4970 et
637 4921 784 4970 canones
796 4924 857 4987 pro
869 4917 1007 4994 unoque
1022 4915 1118 4990 parte
1186 4907 1300 4991 pagd.
1314 4907 1453 4983 versi.)
1467 4941 1509 4954 -—
1521 4911 1565 4971 10.
1581 4907 1682 4969 Andr.
1693 4909 1737 4967 ud
1746 4907 1785 4967 li.
1800 4925 1847 4984 sp.
1863 4917 2009 4988 prooem.

293 5007 374 5072 asub
388 5005 610 5092 paragraphis
632 5005 838 5092 allegando.”
860 5039 900 5052 -··
921 5007 971 5072 iti.
988 5009 1018 5072 2.
1035 5011 1118 5073 „suo
1187 5011 1221 5072 in
1241 5027 1274 5073 v.
1295 5008 1453 5095 piurimis.
1476 5026 1562 5074 vers.
1581 5007 1698 5072 tertius
1719 5003 1851 5070 Tancrr
1869 5002 2010 5070 libellus.

293 5110 415 5174 scenis
430 5106 681 5193 paragraphis.”
1188 5107 1250 5174 »Et
1270 5108 1336 5176 hoo
1365 5105 1555 5187 sciendum,
1584 5108 1672 5192 quod
1701 5106 1780 5172 B.B.
1805 5105 1893 5170 huno
1918 5105 2009 5171 libel·

333 5209 371 5290 i)
414 5211 532 5273 Pittr'os
543 5212 774 5274 Madasuma.
790 5245 832 5256 -
847 5205 1117 5287 „PiliusMedici-
1189 5209 1274 5274 „tum
1289 5211 1398 5277 solum
1412 5211 1446 5274 in
1461 5212 1665 5294 antiquorum
1685 5205 1947 5291 compilationum
1962 5207 2008 5271 ai·
2028 5215 2061 5267 2⁰

295 5309 464 5388 „nensis”
480 5307 585 5376 crud.
601 5309 637 5376 Τ.
654 5347 694 5360 -
709 5309 762 5376 Al.
780 5308 915 5377 »Pillins
930 5305 1117 5375 muroena
1189 5309 1429 5395 „legationibus
1444 5307 1651 5392 reformavit,
1680 5303 1828 5394 reliqna''
1848 5307 1906 5385 (ita
1920 5319 2010 5374 recte

1758 5459 1805 5533 12
