4812 5966
59 3468 62 3480 .

40 3510 73 3548 τ’
118 3501 211 3556 Μ’)

32 3566 41 3580 .

394 551 437 618 68
975 546 1059 614 Pillii
1089 547 1131 614 de
1159 549 1230 614 ord.
1258 547 1406 615 iudicior.
1451 545 1486 611 Ρ.
1502 545 1550 622 3.Ι

396 767 473 814 rum
500 740 639 815 omissis
667 765 760 812 nuuc
786 717 970 831 omnibus,
1012 763 1103 836 quae
1135 761 1156 808 a
1187 735 1305 832 legum
1338 735 1545 809 doctoribus
1571 736 1608 808 in
1638 733 1707 808 boc
1737 756 1821 809 cusu
1855 739 1987 836 scripta
2011 763 2112 837 repe·

395 845 535 916 riuutur
552 845 605 936 ⁵),
647 843 738 915 istud
766 841 903 915 obtinet
927 838 1050 935 bodie,
1092 838 1191 939 quod
1216 850 1325 912 testes
1350 841 1468 911 iurant
1493 837 1561 910 sub
1593 839 1791 936 praesentia
1816 841 1999 938 utriusque
2028 866 2114 938 par·

397 947 463 1039 tis,
498 956 534 1017 et
559 946 798 1018 attestationes
826 969 898 1016 uon
924 942 1131 1035 audiuntur,
1165 940 1233 1012 uisi
1260 966 1339 1014 eum
1364 940 1470 1013 fuerit
1495 940 1788 1038 productionibus
1809 945 2052 1015 renunciatum
2079 956 2115 1015 et
2181 963 2187 980 ·

397 1048 638 1120 attestationes
662 1046 796 1119 fuerint
821 1069 841 1115 a
867 1044 981 1118 iudice
1003 1054 1128 1140 postea
1154 1041 1361 1140 publicatae.

364 1163 384 1234 5'
498 1150 546 1222 Et
571 1148 656 1220 baec
678 1174 759 1220 vera
783 1158 884 1238 sunt,
926 1144 1069 1244 quaudo
1106 1157 1214 1219 testes
1246 1145 1283 1215 in
1317 1144 1443 1216 iudicio
1476 1143 1731 1242 producuntur.
1781 1146 1872 1218 Cum
1896 1171 1984 1218 vero
2014 1159 2114 1218 extra

397 1250 561 1323 iudicium
588 1263 778 1348 petuntur,
804 1249 838 1320 id
869 1258 923 1320 est
951 1260 1138 1346 antequam
1165 1246 1330 1319 iudicium
1356 1245 1560 1341 inchoetur,
1597 1247 1696 1345 quod
1721 1249 1798 1320 lieri
1820 1260 1943 1345 potest
1969 1260 2004 1320 et
2030 1274 2112 1320 eou·
2147 1316 2150 1324 ,

397 1351 554 1445 ceditur,
582 1365 689 1449 puta,
715 1354 796 1450 quia
823 1352 984 1442 timetur,
1011 1375 1055 1421 ne
1081 1359 1190 1420 testes
1216 1350 1410 1420 moriantur
1438 1349 1494 1421 rel
1518 1349 1705 1443 recedant,
1730 1362 1815 1422 tune
1839 1348 1971 1422 debent
1997 1351 2114 1422 iurare

397 1464 434 1526 et
456 1455 692 1528 testimouium
720 1455 814 1524 ferre
839 1463 989 1549 utraque
1014 1461 1117 1549 parte
1140 1461 1343 1549 praesente,
1372 1449 1430 1525 vel
1451 1450 1641 1545 alterum,
1674 1455 1707 1524 si
1732 1451 1843 1526 alteru
1868 1451 1976 1524 tuerit
1998 1455 2113 1550 requi-

397 1558 464 1630 situ
493 1566 530 1629 et
553 1579 626 1628 nou
651 1557 808 1646 venerit,
851 1564 887 1626 et
920 1553 1162 1626 attestationes
1200 1550 1371 1626 audiente.
1403 1561 1444 1625 ut
1477 1555 1514 1626 iu
1539 1553 1648 1626 Autb.
1682 1553 1728 1626 de
1764 1553 1884 1626 testib.
1913 1553 1948 1654 ἓ.
1979 1565 2015 1627 et
2046 1553 2114 1626 boc

347 1685 380 1736 ro
397 1683 493 1731 vero.
516 1659 625 1750 (Nor.
638 1655 702 1729 00.
731 1683 761 1728 e.
775 1653 828 1743 9.)
847 1654 880 1756 8)
932 1658 979 1727 Et
1010 1680 1083 1726 nou
1114 1651 1324 1752 probibetur
1355 1653 1534 1749 litigator,
1578 1656 1642 1752 qui
1677 1667 1788 1730 testes
1814 1657 1865 1728 sic
1889 1654 2112 1754 produxerit,

394 1760 478 1833 licet
505 1784 629 1832 eorum
654 1758 837 1832 testificata
862 1756 1023 1829 didicerit
1037 1754 1090 1850 ⁷),
1116 1758 1168 1828 uti
1187 1755 1378 1830 eorundem
1404 1759 1543 1830 testium
1560 1758 1794 1856 productione
1809 1758 1866 1830 vel
1882 1758 2112 1855 depositione,

393 1864 425 1934 si
449 1861 639 1934 decorum
665 1861 840 1958 scriptura
864 1857 1062 1953 dubitetur,
1105 1857 1165 1930 vel
1190 1857 1350 1930 aliorum.
1378 1899 1429 1914 -
1480 1859 1553 1932 Sed
1585 1885 1650 1932 nee
1685 1863 1721 1932 in
1755 1884 1838 1933 casu
1870 1859 1941 1932 isto
1966 1883 2113 1931 cousue-

394 1973 523 2035 verant
553 1961 752 2057 litigatores
786 1960 906 2034 audire
937 1959 1019 2033 suas
1058 1961 1321 2054 attestationes,
1366 1961 1434 2032 uisi
1468 1973 1552 2060 post
1585 1987 1705 2036 earum
1743 1975 1945 2061 aperturam
1971 1958 2113 2059 publice

393 2065 532 2136 factam.
1792 2095 1796 2102 ·

344 2203 376 2252 15
437 2171 446 2186 ⁸
495 2166 537 2238 lu
562 2190 698 2238 summa
723 2161 915 2238 notandum
941 2175 1014 2258 est,
1046 2163 1200 2263 quodsi
1225 2174 1334 2238 testes
1362 2163 1504 2240 aliunde
1529 2165 1717 2265 petantur,
1754 2166 1860 2240 iudex
1882 2161 1990 2236 debet
2014 2160 2111 2253 illuc,

393 2279 480 2366 puta
507 2267 552 2339 ad
576 2267 709 2341 iudices
735 2267 917 2359 locorum,
942 2265 1120 2361 litigantes
1146 2265 1204 2338 vel
1230 2291 1352 2340 eorum
1376 2279 1641 2364 procuratorem
1667 2295 1746 2342 eum
1773 2269 1845 2340 suis
1870 2266 2001 2358 literis,
2027 2289 2111 2337 eon·

393 2368 586 2442 tineutibus
619 2382 656 2443 et
688 2369 784 2442 unde
814 2379 851 2442 ot
883 2391 993 2466 super
1026 2367 1239 2466 quibusnam
1273 2369 1436 2465 capitulis
1463 2381 1574 2442 testes
1605 2372 1676 2442 sint
1701 2371 1820 2468 petiti,
1860 2367 2110 2464 transmittere,

393 2484 433 2544 ut
459 2497 577 2545 coram
602 2470 765 2570 partibus
791 2471 849 2542 rel
874 2495 996 2543 eorum
1021 2481 1251 2567 procuratore
1275 2480 1385 2545 testes
1411 2473 1542 2568 petitos
1574 2473 1691 2544 iurare
1724 2472 1856 2545 faciam
1879 2470 1995 2544 dicere
2021 2476 2111 2543 veri·

394 2584 502 2646 tatem
528 2599 596 2671 pro
623 2586 774 2671 utraque
799 2582 919 2669 parte,
947 2584 1002 2664 et,
1026 2597 1146 2644 eorum
1171 2573 1378 2646 testimoniis
1404 2597 1478 2646 non
1502 2574 1619 2667 editis,
1642 2575 1883 2647 attestationes
1908 2574 1945 2643 iu
1971 2573 2110 2667 scriptis

208 2771 212 2778 Ἴ
343 2703 377 2754 20
393 2675 552 2770 redigant
576 2685 614 2747 et
640 2677 779 2770 signent
803 2683 840 2747 et
864 2673 1105 2746 transmittant
1138 2672 1183 2745 ad
1208 2672 1357 2746 iudicem
1388 2677 1615 2770 cogru'turum
1645 2677 1690 2748 de
1721 2701 1837 2749 causa.
1891 2676 1937 2745 Et
1962 2695 2108 2747 cousue-

392 2788 519 2850 veruut
545 2777 673 2852 iudices
699 2777 817 2849 iacere
841 2776 957 2849 iurare
989 2773 1186 2846 huiusmodi
1217 2788 1504 2872 procuratorem,
1547 2778 1646 2876 quod
1673 2803 1780 2875 super
1812 2787 1889 2850 toto
1924 2773 1986 2846 illo
2014 2773 2113 2849 iacto

393 2877 481 2948 nibil
519 2878 600 2949 falsi
633 2880 826 2952 committet
859 2877 904 2949 ad
936 2876 1194 2949 damnationem
1212 2875 1244 2974 8)
1281 2877 1339 2950 vel
1370 2877 1560 2952 laesionem
1591 2882 1754 2977 partium.
1786 2889 1827 2952 ut
1852 2877 1942 2952 Cod.
1972 2875 2017 2948 de
2048 2879 2109 2950 tid.

345 3005 350 3018 ’
391 2977 606 3072 instrunt,
631 2976 691 3050 01.
718 2979 742 3050 l.
768 2979 911 3053 iudices.
926 2974 984 3051 18.
1013 2989 1049 3053 et
1074 2979 1109 3050 iu
1134 2977 1246 3050 Autb.
1272 2978 1319 3052 de
1342 2979 1461 3052 testib.
1487 2980 1523 3081 §-
1550 2983 1718 3079 quoniam
1741 2981 1878 3054 mulne.
1931 2977 2109 3074 (Novae

394 3107 424 3150 e.
440 3077 491 3178 ὅ.)
506 3121 557 3136 -
600 3079 671 3152 Sed
696 3082 733 3152 iu
758 3105 862 3153 causa
890 3081 1043 3154 criminis
1069 3081 1213 3153 testium
1238 3083 1435 3178 praeseutia
1460 3097 1496 3156 et
1523 3109 1593 3155 uon
1618 3085 1826 3156 testimoniis
1852 3093 1907 3154 est
1930 3081 2109 3155 utendum.

344 3203 377 3254 25
394 3194 432 3252 ut
456 3183 492 3252 iu
522 3181 631 3255 Autb.
653 3205 683 3254 e.
708 3181 744 3282 S.
773 3183 948 3282 quoniam.
976 3183 1083 3269 (Nor.
1097 3179 1157 3255 90.
1187 3177 1286 3280 cb.)
1313 3186 1450 3284 etllig.
1477 3211 1507 3256 e.
1533 3197 1559 3256 t.
1578 3181 1641 3278 Ἡ,
1667 3181 1703 3258 5.
1729 3183 1810 3256 15.
1836 3183 1957 3284 (53.)

493 3284 656 3382 Amplius
676 3283 854 3357 sciendum
877 3293 949 3378 est,
975 3283 1073 3382 quod
1098 3285 1135 3354 in
1161 3285 1257 3355 omui
1282 3284 1428 3378 iudicio,
1454 3284 1519 3357 ubi
1544 3311 1709 3358 numerus
1733 3288 1875 3358 testium
1902 3287 2013 3358 maior
2038 3311 2109 3357 nou

294 3397 544 3590 ι0108116110111
548 3436 580 3578 ἶ)
592 3385 984 3584 ⁸ubbdbdbbddulqitur,
1009 3486 1159 3586 qualiter
1180 3498 1217 3559 et
1241 3429 1384 3585 quaudo
1414 3499 1521 3564 testes
1547 3489 1660 3560 iurare
1688 3488 1850 3562 debeant.

495 3589 586 3662 Sane
618 3589 732 3663 iurare
763 3587 891 3664 debent
924 3600 1008 3690 post
1042 3589 1139 3663 litem
1173 3599 1406 3662 contestatam
1439 3603 1476 3664 et
1510 3616 1580 3663 non
1615 3603 1713 3684 aute,
1756 3593 1821 3664 nisi
1855 3594 1890 3662 in
1924 3617 2028 3684 casu,
2070 3603 2109 3661 ut

344 3713 376 3764 ao
393 3687 524 3762 dictum
551 3700 605 3764 est
622 3690 666 3790 ²).

394 4045 638 4127 „productione
653 4057 762 4112 tamen
779 4049 823 4114 ad
837 4067 974 4116 suorum
988 4051 1119 4115 testium
1138 4069 1216 4116 oon-
1282 4047 1361 4134 Μ.
1382 4050 1427 4116 tit.
1449 4049 1491 4115 de
1512 4061 1607 4115 teste.
1622 4048 1651 4136 ξ.
1668 4047 1698 4116 7.
1720 4049 1809 4116 unm.
1826 4049 1854 4114 1.
1871 4051 1903 4115 in
1918 4066 1948 4118 v.
1963 4059 1996 4114 et
2011 4049 2107 4112 bene.

393 4144 629 4214 „firmationem
642 4149 697 4215 vel
715 4152 759 4217 ad
780 4151 1018 4233 improbandas
1039 4149 1216 4235 depositio·
1327 4151 1364 4234 7)
1406 4150 1444 4215 Ρ.
1459 4152 1533 4216 add.
1555 4151 1673 4219 rmtius
1694 4164 1746 4217 est
1761 4151 1890 4236 pignori
1902 4151 2107 4228 incumbere,

393 4269 475 4314 „nes
496 4251 628 4314 testium
653 4253 757 4335 partis
784 4254 999 4319 adversariae
1026 4254 1147 4338 poterit
1167 4265 1215 4316 te·
1284 4269 1403 4337 nquam
1423 4252 1457 4316 in
1478 4273 1658 4336 personam
1679 4255 1811 4338 agere?
1841 4287 1881 4301 -
1910 4252 1951 4319 G.
1970 4251 2110 4320 »melius

392 4363 482 4417 „stes
497 4353 694 4435 producere.
709 4363 744 4419 ut
757 4353 895 4419 inAntb.
911 4355 953 4420 de
973 4355 1080 4420 testib.
1097 4353 1128 4441 §.
1138 4355 1215 4441 quia
1285 4354 1391 4418 „euim
1411 4364 1463 4419 est
1483 4355 1613 4439 pignori
1631 4355 1842 4436 incumbere,
1871 4375 1970 4440 quarn
1983 4356 2018 4420 in
2031 4373 2107 4437 per·

358 4473 503 4526 5nvero.
526 4465 560 4519 et
581 4451 611 4540 ᾗ.
632 4457 785 4540 quoniam
804 4457 915 4520 vero.”
933 4493 975 4504 -
1003 4457 1098 4522 Hanc
1117 4475 1215 4540 repe·
1284 4475 1421 4521 ”sonam
1434 4474 1547 4540 agere.
1575 4455 1611 4519 ln
1625 4439 1887 4522 fideiussorem?
1904 4493 1942 4508 ·-
1963 4457 2030 4520 Ista
2044 4455 2108 4521 alio

390 4555 533 4621 titionem
562 4569 595 4621 et
625 4555 878 4640 explicationem
905 4557 947 4622 nd
969 4575 1073 4641 marg.
1096 4557 1215 4643 aliquis
1284 4555 1358 4621 ioco
1373 4557 1407 4620 in
1421 4575 1526 4642 marg.
1540 4557 1693 4641 apposita
1708 4577 1787 4623 esse
1802 4561 1963 4625 videntur
1980 4554 2031 4621 ot.
2041 4567 2106 4620 not.

390 4661 590 4742 apposuisse
608 4667 641 4723 et
661 4679 734 4744 cap.
748 4658 779 4725 8.
802 4658 868 4746 (η).
884 4661 1038 4745 quoniam
1053 4659 1163 4722 vero.”
1177 4659 1211 4722 B.
1282 4657 1333 4720 20.
1348 4657 1390 4721 ad
1405 4669 1488 4741 part.
1506 4659 1535 4722 l.
1551 4655 1581 4744 ξ.
1598 4657 1627 4722 1.
1640 4679 1718 4745 pag.
1733 4660 1764 4728 5,
1778 4662 1812 4725 iu
1827 4657 1847 4722 f.

391 4757 432 4822 G.
449 4795 487 4808 -
503 4759 565 4824 Ab.
581 4781 602 4826 a
616 4761 665 4837 P.)
681 4759 769 4826 male
784 4761 955 4827 addidisse
968 4759 1107 4824 videtur.
1323 4755 1364 4832 8)
1408 4763 1640 4823 murationes.
1657 4763 1690 4839 (i.
1706 4783 1737 4848 q.
1751 4759 1960 4840 laesionem.)
1968 4759 2004 4823 B.
2012 4759 2054 4822 P.
2064 4791 2105 4802 -

431 4861 468 4942 5)
513 4859 562 4928 Gt.
587 4865 735 4943 Harundo.
760 4866 799 4925 1).
824 4867 865 4928 Ι).
894 4860 925 4947 ᾗ.
943 4859 1013 4926 137.
1034 4857 1105 4924 345.
1138 4879 1213 4945 pag.
1282 4857 1333 4925 nt.
1354 4860 1560 4924 „damnum”
1576 4858 1616 4926 G.

342 4961 458 5030 1022&
474 4961 546 5030 487.
563 4964 671 5029 diosa.
693 4964 738 5029 ad
751 4963 834 5030 Nor.
849 4961 901 5027 90.
926 4958 957 5046 §.
981 4961 1058 5046 quia
1078 4981 1168 5028 vero.
1184 4985 1212 5028 e.
1325 4959 1362 5039 1)
1404 4958 1443 5024 B.
1453 4958 1488 5023 P.
1505 4961 1606 5026 inser.
1624 4958 1794 5036 „Qualiter
1808 4971 1841 5026 et
1855 4961 1988 5048 quando
2001 4967 2105 5024 testes

388 5064 416 5127 t
432 5065 464 5128 in
480 5087 510 5130 v.
526 5076 676 5152 quanam
690 5065 823 5130 testium
834 5061 1093 5148 productionem.
1280 5063 1410 5125 „iurare
1431 5060 1604 5128 debeant.”
1624 5060 1672 5146 (ς.
1689 5060 1739 5126 10.
1756 5063 1805 5126 11.
1823 5063 1885 5138 la)
1909 5103 1950 5114 -
1974 5059 2024 5127 Ci'.
2039 5071 2104 5126 not.

428 5165 468 5239 6)
513 5167 561 5232 Cf.
579 5168 686 5232 Gtm.
702 5166 736 5229 in
751 5187 781 5230 r.
795 5171 1018 5250 praesentem.
1281 5163 1308 5226 l.
1323 5163 1367 5228 ad
1381 5161 1410 5227 h.
1423 5175 1507 5246 part
1525 5163 1555 5249 §.
1575 5161 1607 5226 8.
1622 5171 1656 5224 et
1666 5173 1733 5228 not
1745 5160 1778 5229 8.
1793 5163 1835 5227 ad
1851 5160 1882 5247 §.
1898 5163 1947 5226 ll.

471 5267 509 5330 H.
527 5270 605 5332 det
623 5267 1087 5347 ltestlo.Aadr.adD.rp.
1111 5265 1164 5332 lib.
1182 5269 1210 5332 l.
1319 5265 1359 5346 2)
1404 5263 1455 5330 cf.
1471 5264 1502 5330 b.
1518 5283 1593 5348 pag.
1609 5263 1793 5330 versfaet
1808 5283 1879 5349 seq.
