4812 5966
683 568 751 654 (De
766 567 1052 654 appellationibus.
1080 569 1111 657 §.
1124 570 1180 640 17.
1222 569 1276 636 De
1290 569 1429 639 maante
1443 591 1511 638 reo.
1541 571 1571 659 §.
1588 540 1676 658 18.)
1976 575 2018 644 81

298 785 384 856 „me
410 771 608 856 paratum,
649 760 888 853 asentcnlia,
926 783 1031 858 quam
1057 785 1145 853 ros,
1187 759 1326 833 domiue
1351 760 1479 859 Β.11),
1513 757 1655 836 'tulistis
1682 765 1775 838 inter
1800 791 1856 838 me
1883 777 1920 839 et
1944 765 2016 838 Lu·

299 865 438 958 „cinm,
473 861 645 936 Senenses
672 853 859 935 consulcs''’
884 903 935 916 -
967 860 1024 932 vel
1058 862 1276 953 „senensem
1308 863 1543 960 potestatem”
1576 905 1627 920 -
1659 867 1830 964 „appello
1864 879 1900 942 et
1931 893 2016 965 apo·

298 965 440 1060 „stolos
467 967 635 1036 instanter
661 975 757 1060 peto.
782 966 864 1036 nac
888 964 992 1036 tertio
1017 962 1094 1036 idus
1120 961 1332 1036 Februarii.”
1358 1007 1407 1022 -
1459 970 1556 1058 Quae
1581 968 1772 1066 appellatio
1803 970 1926 1064 iudici,
1958 973 2017 1070 qui

298 1067 504 1164 seutentiam
526 1065 636 1160 tulit,
659 1075 713 1138 cst
736 1064 970 1164 porrigenda,
1009 1075 1045 1136 ct
1073 1079 1213 1140 tenetur
1245 1091 1322 1140 eam
1352 1069 1530 1165 recipcre,
1572 1080 1609 1142 et
1639 1072 1785 1168 punitur
1812 1074 1847 1144 in
1875 1074 2018 1168 triginta

297 1168 418 1270 pondo
432 1170 526 1261 auri,
559 1169 591 1238 si
617 1193 689 1240 non
709 1170 890 1266 receperit
918 1179 959 1240 ut
984 1165 1072 1239 Cod.
1098 1195 1128 1242 e.
1145 1180 1172 1240 t.
1187 1165 1224 1263 7,
1250 1166 1312 1242 61.
1338 1169 1361 1241 Ι.
1387 1194 1407 1240 a
1433 1171 1715 1266 proconsulibus.
1736 1170 1793 1244 19.
1822 1187 1858 1247 ct
1884 1174 1909 1246 Ι.
1926 1195 2050 1273 quo-e

298 1274 403 1346 niam.
414 1267 475 1342 91.
501 1280 537 1343 et
562 1270 587 1341 l.
612 1268 794 1342 iudicibus.
816 1267 879 1342 94.
905 1310 957 1324 -
1008 1270 1099 1341 Nam
1124 1281 1209 1367 post
1241 1271 1512 1369 appellationem
1544 1273 1787 1372 interpositam
1813 1275 1919 1350 debet
1945 1288 2017 1349 sta·

216 1395 219 1407 ·
300 1377 363 1448 tim
389 1372 474 1466 ille,
529 1373 565 1443 ui
587 1371 763 1470 appellat,
797 1371 979 1468 apostolos
1006 1373 1177 1446 instanter
1205 1383 1241 1446 et
1266 1375 1405 1470 saepius
1430 1386 1562 1471 patere.
1587 1387 1629 1448 ut
1654 1378 1733 1470 nig.
1760 1377 1805 1450 de
1831 1377 1941 1452 libell.
1967 1379 2019 1452 di·

299 1478 396 1548 miss.
413 1471 484 1565 49,
504 1398 545 1544 d.
574 1473 683 1545 lun.
710 1471 767 1573 (5.
789 1471 845 1565 Β)
878 1474 961 1546 licet
991 1473 1097 1547 iudex
1129 1477 1233 1548 ctiam
1265 1501 1336 1548 non
1369 1488 1510 1572 petente
1536 1477 1757 1575 appellatore
1784 1479 1912 1554 debeat
1937 1481 2020 1554 illos

300 1580 376 1652 sine
409 1576 528 1674 aliqua
558 1573 726 1649 dilatione
762 1574 856 1648 dare.
891 1586 930 1647 ιιι
964 1576 1052 1647 God.
1087 1577 1132 1650 de
1164 1576 1294 1674 appell.
1316 1574 1353 1670 7,
1379 1575 1440 1650 69.
1470 1579 1493 1650 Ι.
1522 1577 1653 1652 costa
1686 1580 1723 1681 5.
1758 1581 1822 1654 ult.
1845 1625 1897 1640 —
1947 1583 2019 1656 Sed

300 1683 395 1754 forte
419 1691 572 1775 tempus,
599 1678 691 1749 inira
717 1679 815 1776 quod
842 1677 917 1748 dari
942 1675 1113 1772 debeant,
1140 1691 1195 1752 est
1218 1687 1388 1768 statutum
1414 1705 1434 1750 a
1462 1681 1563 1774 lege,
1595 1693 1684 1778 puta
1708 1684 1847 1776 triginta
1873 1684 2020 1757 dierum.
2038 1697 2070 1748 ¹⁰

301 1795 342 1856 ut
367 1781 514 1854 code.
540 1793 565 1852 t.
582 1777 619 1874 7,
644 1777 707 1854 69.
737 1780 760 1850 l.
787 1778 961 1851 iudicibus
985 1777 1141 1853 nomffl.
1161 1780 1207 1873 ¹⁵)
1236 1793 1272 1854 et
1298 1781 1350 1854 sio
1376 1783 1499 1856 melius
1523 1785 1718 1856 atomum
1744 1798 1818 1878 cst,
1854 1798 1893 1858 ut
1917 1788 1952 1858 in
1979 1787 2020 1858 li·

301 1882 398 1957 hello
424 1881 658 1980 appellatorio
690 1882 936 1980 apostolorum
967 1882 1171 1978 petitionem
1203 1883 1353 1977 inserat,
1396 1894 1437 1956 ut
1470 1885 1605 1959 dictum
1634 1897 1699 1960 est.
1724 1929 1776 1944 ·-
1826 1887 1898 1960 Sed
1922 1888 2020 1988 quid,

301 1989 332 2060 si
359 1983 543 2081 appellans
568 1983 751 2082 apostolos
778 1984 936 2082 petierit,
976 1994 1012 2056 et
1038 1983 1143 2058 iudex
1169 2010 1241 2057 non
1269 1984 1428 2058 dederit?
1478 1987 1611 2085 Resp,
1645 2014 1717 2061 non
1741 1987 1884 2062 nocebit
1909 1993 1961 2084 ei,
1991 1993 2021 2062 si

301 2113 366 2187 per
391 2085 542 2159 iudicem
568 2087 725 2180 steterit,
768 2086 852 2158 dum
878 2098 996 2160 tamen
1025 2087 1197 2160 instanter
1222 2097 1258 2160 ct
1283 2089 1422 2186 saepius
1457 2088 1519 2162 liat
1553 2091 1797 2188 apostolorum
1822 2091 1956 2190 petitio.
1982 2103 2023 2165 ut

300 2192 379 2284 big.
405 2215 435 2260 e.
461 2200 487 2259 t.
501 2185 566 2280 49,
592 2186 628 2261 6.
655 2188 679 2260 Ι.
702 2215 759 2260 un.
787 2185 838 2286 (5.
855 2185 907 2286 9.)
2040 2213 2072 2266 15

402 2291 569 2387 Apostoli
602 2301 720 2362 autem
754 2289 928 2362 dicuntur
944 2301 981 2362 et
1011 2289 1238 2388 appellantur
1269 2291 1392 2364 literae
1422 2289 1657 2385 dimissoriae,
1699 2301 1736 2366 ct
1763 2293 1953 2367 mittuntur
1978 2294 2023 2366 ad
2091 2311 2099 2327 ‘

302 2419 400 2484 enm,
434 2395 496 2490 qui
529 2393 574 2465 de
608 2391 846 2490 appellatione
879 2394 1087 2486 cogniturus
1117 2405 1183 2466 est.
1208 2403 1249 2465 ut
1280 2395 1364 2488 nig.
1391 2392 1436 2464 de
1465 2393 1575 2468 libell
1608 2393 1741 2466 dimiss.
1756 2391 1821 2490 49,
1847 2394 1884 2468 6.
1911 2397 1934 2468 Ι.
1964 2423 2022 2467 un.

299 2501 388 2592 (pr.)
441 2497 541 2584 Quae
566 2494 688 2568 literae
714 2496 750 2565 in
775 2493 870 2566 hunc
895 2493 1039 2566 modum
1066 2506 1162 2570 recte
1189 2496 1452 2592 concipiunturz
1470 2495 1519 2596 1⁶)
1545 2495 1615 2590 „B.
1630 2493 1677 2589 ¹⁷)
1704 2495 1812 2570 iudex
1831 2523 1897 2572 suo
1910 2499 2022 2570 amico

303 2597 459 2690 „dilecto
484 2598 530 2668 V.
547 2594 596 2694 18)
621 2596 726 2668 iudici
749 2597 910 2669 salutem.
961 2595 1112 2670 Noverit
1144 2597 1251 2670 docta
1282 2597 1470 2696 prudentia
1498 2612 1634 2692 uestra,
1672 2599 1818 2672 Lucium
1845 2601 1976 2671 Titium
2002 2625 2024 2670 a

303 2699 522 2793 „sententia,
561 2722 666 2796 quam
693 2698 758 2770 tuli
790 2699 882 2771 inter
913 2699 1029 2796 ipsum
1062 2711 1099 2773 ct
1127 2699 1338 2792 lohannem,
1380 2723 1447 2774 vos
1463 2701 1510 2793 11)
1537 2701 1758 2799 appellasse,
1804 2714 2023 2800 quapropter
2040 2714 2074 2768 tu

304 2827 412 2895 „eum
437 2799 482 2872 ab
509 2799 756 2874 observatione
788 2800 858 2872 mei
883 2799 1001 2874 iudicii
1028 2800 1238 2895 absolvens,
1279 2802 1325 2874 ad
1359 2827 1423 2876 vos
1457 2802 1606 2876 eundem
1638 2829 1719 2876 cum
1744 2801 1799 2876 bis
1830 2803 1940 2876 literis
1971 2803 2022 2876 di·

304 2902 519 2994 „missoriis”
544 2943 595 2956 -
622 2902 678 2975 vel
706 2901 926 2999 „apostolis”
949 2943 1001 2960 —
1027 2904 1233 2997 „remitto”

404 3005 494 3076 ltem
517 3003 712 3076 notandum
739 3016 812 3096 cst,
853 3003 951 3104 quod
979 3006 1173 3104 appellanti
1204 3005 1313 3080 debet
1345 3003 1451 3078 iudex
1482 3004 1567 3080 dare
1598 3007 1713 3080 omnia
1743 3018 1821 3080 acta
1857 3018 1894 3080 ct
1925 3018 2024 3104 gesta

305 3104 399 3203 apud
424 3130 484 3197 se,
510 3129 591 3177 cnm
616 3106 835 3178 refutatoriis
862 3107 1040 3202 partium,
1075 3121 1112 3180 et
1133 3108 1308 3206 opinionis
1334 3107 1554 3206 exemplum,
1588 3107 1624 3182 id
1651 3120 1705 3182 est
1730 3110 1960 3202 senteutiam,
1989 3121 2025 3182 et

304 3232 387 3280 suas
413 3205 554 3298 literas,
592 3231 683 3305 quae
710 3206 867 3305 apostoli
892 3207 1067 3280 dicuntur.
1094 3222 1134 3282 ut
1161 3207 1247 3282 cod.
1273 3209 1317 3282 de
1342 3209 1472 3308 appell.
1485 3207 1522 3305 7,
1548 3205 1609 3296 62.
1638 3210 1664 3281 l.
1690 3236 1710 3281 a
1736 3209 2023 3307 proconsulibus.
2040 3211 2083 3284 ιιι

306 3305 366 3380 19.
395 3307 481 3382 etl.
508 3306 692 3382 iudicibus.
706 3305 768 3382 24.
820 3309 1060 3383 Relutatorias
1085 3311 1205 3384 literas
1230 3303 1381 3413 partium
1407 3309 1471 3388 has
1498 3308 1680 3410 mtefflpo,
1698 3323 1802 3412 puta,
1832 3311 1928 3414 quod
1954 3312 2023 3386 liti·

305 3420 445 3506 gatores
476 3407 607 3483 debent
643 3409 799 3484 scribere
829 3411 885 3484 vel
917 3407 1163 3507 subscribere,
1201 3410 1296 3512 quod
1326 3414 1364 3488 in
1397 3415 1497 3516 auctis¹
1518 3407 1555 3488 el
1587 3415 1624 3495 in
1652 3417 1824 3491 sententia
1855 3411 1940 3488 nihil
1970 3427 2025 3486 est

304 3515 420 3585 minus
446 3511 550 3610 plene
576 3512 633 3585 vel
662 3515 834 3586 contrarie
861 3512 1015 3606 dictum,
1050 3515 1119 3588 imo
1144 3519 1181 3588 ln
1208 3516 1353 3589 veritate
1381 3517 1497 3588 omnia
1521 3512 1571 3590 ibi
1603 3516 1761 3616 plenarie
1787 3519 2024 3609 continentur,

305 3640 396 3714 quae
423 3613 517 3712 apud
544 3615 651 3686 istum
676 3615 826 3688 iudicem
848 3625 932 3688 sunt
958 3629 1036 3688 acta
1062 3615 1118 3689 vel
1145 3629 1244 3710 gesta
1259 3617 1320 3716 111).
2066 3704 2070 3716 ι

405 3713 441 3816 5.
461 3718 491 3812 ¹)
544 3717 756 3816 Expositum
786 3729 843 3790 cst
868 3741 994 3816 snpra,
1034 3718 1185 3818 qualiter
1220 3721 1267 3793 sit
1299 3717 1564 3820 procedendum
1591 3732 1769 3821 utroque,
1814 3719 1850 3794 id
1876 3733 1931 3794 est
1955 3719 2123 3821 tangas.

349 3971 408 4052 14)
452 3972 521 4036 ab.”
536 3971 574 4036 Β.
591 4006 631 4019 -
646 3969 699 4036 ΑΙ.
723 3971 843 4036 „iudex
866 3971 1010 4036 scocie.”
1031 3969 1069 4036 P.
1089 4007 1131 4020 -
1199 3973 1382 4040 asententia
1395 3971 1696 4058 appellationisper
1709 3975 1942 4056 imperatorem
1957 3970 2025 4037 lata

309 4070 428 4136 „iudex
444 4072 576 4138 Scote.’⁷
593 4072 633 4139 G.
1199 4083 1316 4160 „parte
1336 4093 1404 4139 non
1424 4075 1522 4139 citata
1546 4073 1689 4140 valeat.”
1719 4108 1756 4124 ·-
1788 4095 1842 4160 qu.
1867 4074 1937 4140 tua
1962 4095 2025 4138 ean

351 4167 407 4254 15)
451 4171 499 4238 Gi
518 4174 620 4240 Glosa
636 4174 670 4240 in
685 4195 716 4238 v.
734 4183 840 4260 gesta.
855 4185 888 4238 ct
901 4173 933 4238 in
950 4193 1064 4240 neum
1078 4194 1131 4239 re·
1201 4176 1325 4261 aepisc.
1348 4175 1590 4256 Bononiensis,
1619 4195 1641 4242 a
1664 4175 1760 4241 cuius
1781 4179 1944 4242 sententia
1966 4173 2026 4240 furit

306 4269 437 4336 latione.
1201 4274 2023 4364 „appellatumadarclriepisc.liavennatem‚pos·

352 4370 407 4456 16)
452 4372 492 4438 Β.
506 4377 607 4442 inser.
622 4377 684 4442 ade
699 4376 804 4444 literis
819 4377 1045 4444 dimissoriis.”
1199 4380 1279 4460 nsit,
1308 4379 1339 4443 si
1362 4375 1558 4460 archiepisc.
1579 4377 1760 4446 &vennas
1781 4378 1853 4458 fiat,
1882 4379 2057 4444 eandems

350 4474 407 4557 17)
450 4478 489 4538 Β.
511 4509 554 4526 -
574 4477 816 4548 „nesciretis”
837 4480 876 4545 Β.
896 4515 939 4528 -
958 4477 1009 4544 ΑΙ
1026 4476 1128 4543 „Sco-
1198 4499 1356 4546 »causam
1377 4480 1411 4544 in
1425 4475 1657 4564 appellationis
1676 4481 1829 4546 metantis
1848 4477 2025 4544 iudicare.”

308 4576 411 4638 „tus”
426 4574 465 4640 P.
481 4573 523 4640 G.
1243 4582 1277 4664 Ι)
1320 4577 1358 4646 Β.
1373 4581 1475 4646 inser.
1499 4580 1572 4648 „Dc
1592 4603 1653 4649 reo
1674 4583 1813 4649 absente
1827 4577 1968 4666 qualiter
1983 4581 2024 4646 sit

311 4672 314 4680 ’
350 4673 408 4760 18)
455 4675 686 4744 148106-
707 4682 760 4748 Al.
775 4684 1018 4770 „magnotino”
1033 4681 1071 4747 Ρ.
1089 4715 1129 4732 -·
1199 4683 1498 4768 „procedendum”
1513 4683 1732 4760 -P.„Quou
1746 4682 1865 4748 iudicis
1879 4679 2025 4748 officinm

306 4776 547 4864 „alamanno”
564 4776 604 4842 G.
1197 4805 1276 4852 oreo
1291 4803 1359 4850 non
1372 4785 1556 4852 veniente.”

351 4880 407 4958 19)
449 4877 516 4944 ιιι.
527 4880 567 4945 Β.
583 4912 623 4926 -·
637 4879 691 4946 ΑΙ.
708 4885 769 4949 aad
785 4892 877 4950 vos.”
893 4887 929 4950 P.
947 4885 987 4950 G.
1281 4886 1431 4952 Dubitari
1445 4895 1574 4971 potest,
1594 4907 1637 4952 an
1652 4905 1713 4964 sa,
1729 4903 1814 4970 quae
1829 4896 2023 4971 sequuntur,
2041 4909 2073 4961 to

349 4983 408 5066 20)
451 4982 590 5048 Praeter
602 4983 668 5048 ista
682 4985 758 5048 Pili.
775 5005 828 5066 qn.
843 4986 893 5050 16.
910 5005 971 5052 „an
987 4988 1131 5052 advoca·
1200 4986 1248 5072 (§.
1266 4985 1315 5052 18.
1332 4987 1399 5069 19.)
1419 4988 1487 5072 ipsi
1504 4986 1601 5054 Pilllo
1628 4987 1803 5052 tribuenda
1821 4989 1895 5052 sint.
1925 4987 2024 5063 Quod

308 5093 382 5150 stus
396 5084 589 5168 promittens
602 5086 821 5168 patrocinium
835 5086 869 5149 in
884 5106 1007 5164 causa,
1028 5085 1131 5150 hono·
1196 5089 1288 5154 enim
1302 5093 1349 5152 Io.
1366 5087 1472 5153 Andr.
1486 5089 1528 5155 de
1542 5087 1656 5154 ultima
1669 5086 1769 5153 liuius
1782 5086 1856 5154 libri
1870 5090 1960 5155 rubr.
1977 5089 2023 5154 di·

307 5188 414 5252 nrario
430 5195 612 5266 convento,
641 5188 739 5253 edarn
761 5191 797 5254 in
818 5208 922 5254 causa
940 5187 1132 5272 appellatio·
1200 5187 1247 5253 xit
1261 5186 1321 5272 (es.
1335 5199 1400 5257 not.
1418 5189 1447 5255 Ι.
1462 5189 1506 5256 od
1519 5187 1551 5254 Ιι.
1566 5199 1641 5275 part
1660 5189 1777 5277 §.17.),
1794 5207 1835 5255 eo
1849 5189 1956 5275 magis
1970 5211 2023 5254 re·

309 5289 382 5353 »nis
404 5288 567 5376 obligatus
599 5287 828 5376 intelligatur.”
857 5323 898 5338 ··-
927 5308 980 5374 qu.
996 5288 1048 5354 43.
1070 5307 1132 5354 aaa
1200 5288 1326 5376 fragori
1341 5291 1489 5371 uidetur,
1514 5295 1591 5377 qnia
1611 5295 1645 5359 in
1662 5296 1734 5358 auu.
1750 5295 1795 5354 ad
1807 5294 1847 5354 1).
1861 5313 1906 5374 sp.
1922 5289 1978 5356 lib.
1993 5291 2022 5355 Β.

1773 5442 1819 5517 11
