4770 5962
677 597 740 664 33.
755 597 786 664 3.
815 598 868 664 ne
883 600 1113 683 positionibus.
1142 599 1174 688 p.
1188 601 1218 668 3.
1262 601 1324 669 nn.
1339 602 1370 668 4.
1399 593 1616 671 bernaerus.
1933 591 1996 677 aar

284 787 543 888 compellendus
570 795 623 860 e'st
648 791 807 884 praecise
830 789 964 882 dicere,
1000 788 1084 888 qnid
1111 790 1192 861 inde
1219 791 1350 886 credit,
1378 792 1465 866 cod.
1491 793 1536 865 dc
1559 796 1702 867 1333133.
1728 801 1938 894 propt..cal.
1955 800 1992 894 a,

283 889 441 964 5911.
467 886 572 989 §.23
603 893 734 962 scilicit
761 893 851 963 enim
877 891 1010 964 dicere:
1041 894 1115 985 „ita
1142 893 1284 964 credo.'’
1335 896 1381 965 Et
1411 894 1479 967 boc
1503 922 1624 967 verum
1652 909 1722 990 est,
1750 902 1838 972 sicut
1859 901 1992 974 dictum

283 1005 352 1088 cst,
380 994 423 1065 de
445 997 638 1064 iuramento
665 994 855 1065 calumniae
869 985 934 1095 98).
987 994 1096 1067 Sonus
1119 995 1153 1063 in
1180 995 1374 1067 iuramento
1401 998 1448 1068 de
1473 1000 1622 1070 veritate
1646 999 1804 1094 dicenda,
1832 1001 1893 1074 nbi
1921 1031 1992 1075 non

281 1095 505 1193 compellitur
533 1096 612 1191 quis
639 1094 774 1187 dicere,
814 1096 909 1193 quod
942 1096 1023 1168 inde
1054 1095 1185 1188 credit,
1227 1123 1305 1168 cum
1334 1097 1377 1168 ad
1413 1097 1479 1170 boc
1511 1125 1580 1171 non
1610 1101 1656 1172 sit
1688 1103 1875 1176 adstrictus
1901 1109 1991 1177 iura·

280 1212 421 1293 mcnto;
446 1197 605 1295 quamvis
630 1197 762 1268 indices
788 1199 899 1292 ignari
924 1200 959 1269 in
989 1196 1123 1290 legibus
1137 1199 1185 1295 99)
1212 1199 1416 1296 frequenter
1441 1203 1475 1270 in
1502 1201 1570 1274 boc
1598 1215 1724 1275 errent.
2009 1225 2025 1278 5

381 1305 468 1372 Item
496 1309 597 1391 nota,
639 1299 734 1395 quod
760 1301 808 1369 ita
835 1312 935 1372 actor
969 1300 1076 1372 debet
1102 1323 1180 1372 esse
1206 1313 1328 1372 cantus
1350 1302 1386 1370 in
1414 1303 1648 1398 positionibus
1665 1307 1757 1406 ¹⁰⁰),
1798 1309 1893 1405 qnod
1920 1336 1993 1382 non

281 1402 480 1476 contineant
504 1399 606 1497 plura
632 1400 802 1493 membra,
829 1427 873 1472 33
900 1402 1010 1494 lortc,
1039 1403 1068 1472 si
1094 1427 1202 1472 unum
1227 1403 1275 1473 sit
1300 1429 1437 1496 verum,
1466 1405 1614 1477 alterum
1640 1409 1687 1480 sit
1709 1409 1852 1504 salsum,
1879 1422 1993 1485 totum

280 1531 363 1576 reus
390 1514 511 1597 neget,
554 1503 649 1600 quod
674 1501 763 1575 bene
790 1515 910 1599 potest
934 1530 1000 1600 pcr
1024 1504 1181 1596 regulam
1208 1505 1325 1574 istam:
1359 1508 1486 1598 „cuius
1513 1533 1594 1602 pars
1623 1521 1677 1580 est
1703 1510 1812 1604 falsa,
1842 1515 1914 1584 eins
1937 1526 1991 1585 to·

281 1619 382 1702 „tum
408 1604 621 1701 relinquitur
646 1629 724 1675 csse
749 1605 912 1675 lalsnm.”
963 1604 1074 1675 Verbi
1100 1606 1227 1698 gratia:
1253 1607 1400 1701 „pono”
1425 1607 1509 1679 dicit
1534 1635 1639 1702 „meo
1659 1613 1873 1706 iuramento,
1898 1615 1991 1713 qnod

280 1734 374 1804 „ego
407 1711 564 1779 contraxi
596 1708 851 1778 matrimonium
886 1732 963 1778 oum
994 1706 1125 1778 Bertba
1160 1708 1329 1799 legitime,
1366 1709 1410 1782 de
1439 1735 1507 1807 qua
1541 1714 1675 1805 agitur,
1718 1740 1782 1811 per
1808 1716 1914 1786 verba
1946 1717 1991 1788 dc
2009 1734 2042 1786 to

279 1809 503 1905 „praesenti,
546 1820 581 1880 et
609 1808 727 1878 annuli
751 1809 1015 1899 immissionem,
1060 1821 1095 1878 et
1123 1811 1236 1879 carnis
1271 1811 1433 1905 copulam
1466 1809 1728 1884 subsecutam.”
1779 1816 1826 1887 si*
1845 1818 1991 1890 alterum

271 1916 427 1984 ¹istorum
454 1910 625 2003 desuerit,
662 1921 775 1982 totum
803 1923 922 2007 potest
945 1910 1067 1981 mulier
1095 1935 1221 2003 negare
1250 1937 1392 2005 secure,
1424 1939 1488 1984 nco
1515 1916 1661 1988 incurrit
1688 1919 1899 2013 periurium,
1926 1945 1991 2017 per

274 2014 434 2108 regulam
459 2012 718 2109 supradictam.
769 2013 865 2106 Ergo
891 2038 968 2082 cum
997 2011 1081 2083 baec
1108 2015 1236 2110 positio
1262 2012 1388 2086 babeat
1414 2017 1479 2085 tria
1506 2018 1709 2114 principalia
1735 2019 1903 2114 membra,
1931 2021 1991 2092 ad·

282 2127 428 2186 vocatus
454 2113 577 2185 debis
607 2115 711 2184 laniat
739 2123 810 2184 tres
840 2115 1049 2210 positiones,
1090 2125 1126 2185 et
1149 2115 1241 2186 dicat
1268 2118 1335 2186 sic:
1376 2142 1499 2212 „pono
1534 2143 1611 2189 meo
1638 2122 1855 2212 iuramento,
1895 2123 1990 2221 qnod

278 2243 371 2310 „ego
405 2219 564 2288 contraxi
601 2242 676 2286 cum
708 2214 839 2287 Bertba
875 2215 1019 2286 muliere
1052 2217 1331 2308 matrimonium,
1371 2217 1415 2287 de
1446 2243 1513 2315 qua
1541 2221 1678 2312 agitur,
1715 2246 1779 2317 pcr
1805 2223 1912 2294 verba
1947 2225 1990 2295 de
2010 2239 2042 2289 15

278 2318 518 2416 „praesenti”
570 2319 616 2388 Et
642 2317 746 2390 iudex
773 2319 891 2389 statim
919 2317 1106 2414 compellat
1131 2318 1325 2409 mulierem,
1356 2319 1400 2389 ad
1426 2322 1526 2389 istam
1553 2323 1778 2418 respondere,
1806 2339 1990 2423 antequam

276 2434 377 2493 actor
402 2420 492 2492 ultra
519 2419 699 2516 procedat.
750 2421 797 2490 Et
823 2421 874 2491 sic
899 2431 999 2492 actor
1024 2419 1183 2492 ordinate
1211 2419 1378 2516 procedat
1404 2424 1439 2490 13
1467 2423 1701 2516 positionibus
1726 2425 1821 2518 suis,
1859 2451 1904 2498 ne
1930 2427 1989 2498 dc·

277 2525 427 2621 cipiatur
454 2534 489 2594 ct
514 2547 595 2592 rcus
622 2521 817 2592 inordinate
842 2522 1053 2618 respondeat
1079 2523 1134 2594 vel
1161 2523 1374 2618 decipiatur,
1411 2525 1590 2619 quianon
1616 2526 1763 2597 multum
1790 2527 1928 2622 differt,
1955 2531 1990 2602 in

274 2627 359 2697 nitio
386 2624 500 2720 decipi
527 2622 583 2694 vel
610 2621 780 2719 decipere.
821 2620 935 2695 (1.16.
962 2649 997 2721 q.
1014 2620 1046 2694 1.
1076 2649 1105 2693 3.
1131 2627 1160 2694 31
1187 2625 1299 2719 33ρ13.
1316 2621 1350 2694 5.
1379 2621 1429 2722 (ἓ.
1445 2621 1495 2720 1.)

376 2729 474 2815 Quae
507 2727 735 2822 requiruntur
763 2725 807 2795 ad
832 2725 919 2816 boc,
961 2737 999 2797 ut
1026 2727 1202 2798 consessio
1230 2727 1460 2821 praeiudicet,
1501 2727 1603 2822 plene
1636 2729 1763 2800 dicitur
1793 2733 1829 2802 iu
1863 2731 1987 2806 libello
2006 2745 2039 2797 ²0

276 2828 450 2901 Tancredi
478 2830 513 2896 in
540 2827 644 2897 titulo
671 2825 715 2897 dc
744 2827 913 2898 confessis
931 2820 1017 2930 ¹⁰¹),
1045 2838 1080 2897 ct
1106 2830 1185 2899 idco
1211 2827 1344 2898 deboc
1373 2827 1429 2898 bic
1457 2825 1543 2898 nibil
1569 2831 1658 2901 dico.

375 2930 492 3000 Factis
509 2921 576 3026 ¹0²)
614 2927 847 3024 positionibus
880 2939 916 3000 ct
946 2929 1256 3026 responsionibus,
1300 2933 1329 3000 si
1367 2955 1448 3000 rcus
1477 2932 1702 3024 confiteatur,
1744 2947 1843 3005 actor
1870 2937 1987 3006 statim

274 3042 371 3130 petat
396 3031 601 3102 sententiam
629 3030 723 3120 ferri,
753 3031 798 3102 X.
824 3034 866 3103 G.
888 3030 932 3102 de
959 3025 1303 3124 transact.1,5ll.c.
1331 3043 1523 3127 praeterea.
1545 3031 1706 3132 10.1⁰³),
1734 3038 1814 3132 quia
1840 3037 1875 3105 in
1904 3059 1986 3108 con-

274 3135 426 3205 sessione
454 3131 571 3202 nullae
597 3141 680 3201 sunt
708 3144 826 3229 partes
853 3132 987 3224 iudicis,
1015 3133 1095 3226 big.
1122 3133 1165 3203 ad
1192 3132 1215 3203 l.
1242 3129 1410 3230 Aquita),
1426 3130 1461 3203 1.
1489 3132 1511 3203 l.
1539 3136 1687 3231 proinde
1713 3139 1744 3206 si
1771 3135 2001 3210 occisusao.

275 3236 310 3338 ξ.
337 3236 417 3330 311.)
444 3236 475 3304 31
500 3244 625 3327 negat,
653 3235 770 3305 statim
796 3245 892 3332 petat
918 3235 1073 3306 inducias
1099 3234 1142 3304 ad
1171 3234 1256 3306 alias
1282 3232 1511 3330 probationes
1527 3235 1590 3335 104)
1617 3238 1842 3311 inducendas.
1972 3227 1974 3232 ,
2006 3265 2037 3314 at

992 3417 1045 3484 De
1059 3419 1212 3483 induciis.
1233 3420 1264 3501 ¹)
1987 3433 2072 3506 TA.

375 3540 445 3612 Sed
472 3541 553 3638 qnia
578 3538 735 3609 induciae
759 3561 865 3634 saepe
891 3539 928 3609 13
953 3539 1078 3611 indicio
1106 3551 1296 3636 petuntur,
1326 3551 1397 3610 tam
1424 3538 1468 3610 ab
1494 3551 1634 3634 actore,
1661 3567 1768 3640 qnam
1794 3569 1814 3614 a
1838 3569 1919 3638 reo,
1952 3557 1987 3616 ct

275 3645 320 3715 dc
341 3643 396 3713 bis
425 3644 473 3713 nil
498 3643 659 3733 diximus,
687 3641 766 3711 idco
794 3640 838 3712 de
864 3639 1026 3712 omnibus
1054 3642 1220 3736 induciis,
1251 3665 1341 3739 qnae
1364 3643 1436 3738 peti
1462 3657 1613 3740 possunt
1640 3671 1658 3714 a
1685 3643 1855 3742 partibus,
1882 3647 1988 3743 plcnc

275 3744 532 3816 33131131333332
557 3797 565 3815 .

375 3847 514 3916 Primae
535 3754 625 3938 largo
652 3843 809 3916 induciae
836 3844 1074 3916 conceduntur
1097 3870 1178 3934 reo,
1209 3843 1351 3941 quando
1381 3846 1508 3917 citatur
1534 3847 1577 3919 ad
1605 3873 1743 3919 causam
1768 3851 1895 3942 primo.
1931 3851 1987 3922 tte
2006 3875 2038 3926 33

274 3947 335 4018 1313
352 3948 457 4040 igitur
481 3947 607 4017 dictum
635 3958 690 4018 cst
716 3948 829 4042 primo
855 3949 891 4017 in
914 3946 1017 4017 titulo
1043 3946 1088 4017 dc
1116 3944 1338 4019 citationibus
1358 3946 1400 4045 ³).

376 4049 467 4118 Sunt
483 4061 517 4119 et
532 4048 631 4138 aliae,
662 4073 749 4143 quae
765 4048 929 4120 dicuutur
945 4048 1141 4138 dilatoriae,
1167 4073 1257 4145 quae
1271 4048 1401 4120 dantur
1415 4074 1488 4139 reo,
1516 4072 1592 4119 cum
1609 4074 1645 4120 33
1659 4051 1772 4144 primo
1785 4066 1986 4147 praesentat

272 4149 392 4240 iudici,
416 4151 446 4220 si
464 4149 496 4246 ⁴)
524 4173 630 4245 super
649 4148 767 4220 literas
795 4151 967 4222 citationis
994 4177 1066 4223 333
1092 4153 1208 4246 potuit
1233 4151 1338 4246 plene
1365 4151 1488 4222 instrui
1514 4149 1569 4222 vel
1597 4148 1857 4226 deliberarent
1882 4156 1928 4226 X.
1945 4159 1987 4226 G.

273 4251 316 4324 de
340 4252 436 4322 dilnt.
453 4248 489 4342 2,
504 4248 540 4320 8.
567 4277 596 4322 c.
623 4261 814 4347 praeterea.
828 4249 863 4320 Β.
882 4253 914 4347 ⁵)
1312 4281 1314 4284 ·
1352 4311 1354 4318 ,

375 4352 466 4423 Sunt
496 4364 531 4424 ct
557 4352 663 4442 aliae,
702 4376 792 4448 quoe
817 4352 947 4425 dantur
980 4380 1041 4426 rco
1068 4353 1112 4424 ad
1139 4350 1375 4451 quaerendum
1405 4351 1622 4422 advocatum.
1676 4356 1723 4426 Et
1745 4357 1779 4426 in
1805 4356 1873 4431 boc
1902 4383 1985 4430 casu
2004 4375 2037 4428 st

271 4457 321 4528 sic
346 4468 476 4528 teneas.
529 4453 567 4524 Si
594 4477 673 4526 reus
702 4453 872 4528 conduxit
896 4454 1123 4547 advocatum,
1158 4465 1194 4526 et
1222 4451 1411 4551 aliqnando
1439 4479 1518 4524 cum
1544 4480 1586 4526 eo
1615 4459 1808 4554 comparuit
1833 4462 1868 4532 in
1897 4461 1985 4532 iudi-

312 4723 369 4804 98)
412 4723 486 4788 Vid.
502 4721 533 4788 b.
549 4731 633 4805 part.
648 4719 693 4784 tit.
708 4719 739 4785 1.
1206 4722 1281 4802 104)
1321 4725 1525 4804 prolationes.
1543 4758 1582 4770 -
1597 4721 1636 4790 Β.
1653 4725 1887 4810 „positiones”

312 4825 371 4906 99)
412 4814 1090 4906 1933313339.(33333ρ313333333ρο33.)
1204 4821 1235 4898 1)
1281 4821 1550 4910 0133313331.

270 4965 312 5004 --,
326 4928 366 4993 Β.
381 4925 504 5014 „ignari
519 4924 681 5008 tegibus?
1201 4923 1237 4998 1)
1280 4923 1319 4990 Β.
1337 4923 1435 4990 13333.
1456 4923 1527 4991 „tte
1543 4926 1706 4992 indiciis.’'

313 5030 389 5109 100)
429 5029 638 5110 positionibus.
657 5061 695 5072 -
712 5023 751 5088 Β.
768 5023 1022 5110 ’'petitionibus”
1201 5023 1238 5104 3)
1281 5025 1355 5090 Vid.
1370 5036 1454 5110 part.
1473 5027 1500 5091 l.
1516 5027 1560 5091 tit.
1575 5025 1606 5091 1.
1622 5027 1690 5113 §2
1705 5026 1735 5094 3.

313 5131 390 5212 101)
432 5125 507 5195 Vld.
525 5129 633 5190 Tortor.
652 5137 736 5208 part.
751 5125 781 5190 3.
796 5125 840 5190 tit.
856 5125 886 5189 4.
902 5125 931 5212 §
949 5127 978 5189 1.
1200 5125 1232 5192 4)
1277 5135 1312 5188 ai.
1327 5125 1365 5192 Β.
1380 5149 1444 5194 om.
2001 5155 2016 5202 5

312 5232 390 5316 loa)
431 5231 471 5296 B.
486 5229 586 5294 inscr.
606 5227 711 5301 „Quid
729 5230 810 5294 iuris
825 5229 866 5292 de
882 5224 1079 5292 confessis?
1201 5225 1233 5304 5)
1280 5228 1486 5294 coelestinii.
1517 5226 1564 5292 (11
1584 5229 1684 5292 Gloss.
1709 5233 1742 5294 in
1763 5252 1793 5296 v.
1814 5230 1911 5314 plene
1927 5255 1983 5316 po-

314 5332 389 5411 103)
432 5330 607 5398 Coclcstin.
624 5329 654 5394 3.
1159 5329 1226 5393 tuit.
1240 5349 1328 5396 vers.
1347 5331 1477 5415 qnidam
1492 5351 1572 5396 vero
1587 5333 1629 5397 ob
1645 5329 1815 5398 cautelam.
