4788 5956
619 563 680 632 Tit.
694 563 725 630 1.
753 562 807 631 Ile
822 561 895 630 soro
910 568 1117 650 competenti.
1160 564 1267 632 titt
1296 565 1349 632 De
1361 566 1474 634 'iudice
1490 570 1653 636 adeundo.
1940 573 2005 642 323

282 757 320 832 4.
354 783 384 832 c.
419 755 465 831 ad
497 767 664 832 nostram.
683 753 716 852 ¹)
742 749 834 850 5.1)
866 733 972 828 etde
998 751 1172 847 iudet.
1205 781 1236 828 c.
1266 765 1302 827 at
1334 758 1366 828 si
1399 757 1526 830 clerici.
1545 757 1583 834 1.
1603 762 1633 851 ³)
1670 771 1706 833 ct
1732 760 1820 836 (1.9.
1851 791 1885 864 q.
1906 763 1939 836 1.
1973 791 2003 838 c.

282 861 453 1036 ilppripeis.
470 850 681 1034 7.t(§d9)‚
720 857 872 953 idcirco,
909 859 1007 930 cuius
1033 856 1152 930 lorum
1178 869 1279 930 octor
1295 857 1327 957 1)
1356 863 1458 959 sequi
1485 860 1633 959 debeat,
1676 866 1711 935 in
1733 863 1801 938 bac
1826 866 2004 956 particula

310 975 440 1036 revrter
466 988 507 1035 os
522 987 567 1036 cu
594 985 703 1033 emus.

385 1065 432 1138 Et
458 1075 514 1137 eet
540 1062 734 1156 sciendum,
755 1062 856 1162 quod
882 1061 1095 1156 regulariter
1125 1087 1268 1162 semper
1289 1075 1390 1134 actor
1413 1062 1520 1136 debet
1546 1067 1649 1164 sequi
1677 1069 1795 1140 sorum
1822 1071 1883 1143 rei.
1909 1081 1948 1144 ut
1965 1072 2005 1145 C.

286 1164 322 1238 5.
349 1166 486 1265 q.6.⁵)
516 1193 545 1240 u.
571 1166 755 1238 neminem.
778 1162 836 1238 16.
867 1153 977 1270 (pr.)
1007 1166 1048 1238 C.
1069 1161 1129 1236 ll.
1155 1192 1190 1265 q.
1207 1163 1240 1236 1.
1258 1162 1292 1263 1)
1327 1191 1358 1238 c.
1397 1168 1641 1264 experientis.
1658 1169 1716 1242 15.
1734 1174 1764 1262 7)
1816 1174 1863 1244 X.
1891 1175 1933 1246 G.
1960 1173 2039 1250 det

287 1271 370 1342 loro
397 1295 513 1366 comp.
529 1265 568 1360 Β,
587 1265 623 1338 Β.
651 1293 681 1339 c.
704 1264 938 1368 verum.'1.⁸)
969 1279 1004 1340 ct
1021 1294 1056 1339 c.
1082 1268 1175 1340 licet.
1189 1265 1251 1339 10.
1269 1259 1305 1370 11)
1336 1278 1371 1339 et
1400 1294 1431 1339 c.
1458 1293 1537 1340 cum
1563 1273 1610 1344 sit
1636 1273 1812 1366 gencrale.
1826 1271 1861 1346 8.
1876 1278 1925 1368 ¹⁰)
1960 1277 2007 1350 Et

283 1370 354 1444 boc
380 1396 521 1470 semper
545 1395 665 1440 verum
694 1381 765 1462 est,
807 1371 874 1442 nisi
901 1369 1120 1444 consuetudo
1153 1395 1191 1441 se
1218 1367 1347 1440 babeat
1375 1371 1410 1439 in
1443 1375 1675 1466 contrarium,
1702 1377 1795 1448 sicut
1820 1378 1857 1447 iu
1883 1377 2005 1450 multis

287 1473 377 1546 loeis
406 1473 635 1563 observatur,
679 1483 718 1544 ut
745 1473 782 1542 iu
809 1473 949 1546 civitate
975 1473 1140 1564 Aeetine,
1176 1469 1237 1542 ubi
1265 1469 1415 1543 clericus
1442 1471 1550 1545 trahit
1576 1474 1703 1548 laicum
1729 1477 1773 1550 ud
1807 1479 1923 1566 sorum
1949 1505 2005 1552 cc·

288 1575 522 1648 clesiasticum
549 1600 657 1671 super
682 1572 841 1672 qualibet
866 1572 1053 1672 causan),
1095 1600 1174 1645 cum
1202 1573 1248 1644 de
1273 1575 1391 1666 rigore
1416 1576 1500 1646 iuris
1526 1601 1637 1672 super
1662 1578 1788 1672 rebus,
1833 1605 1925 1678 qnue
1950 1580 2005 1654 l'o·

285 1703 364 1749 rum
389 1677 666 1752 ecclesiasticum
695 1701 767 1748 uon
793 1679 1023 1770 contingunt,
1061 1676 1174 1772 ipsum
1209 1674 1355 1747 deberet
1372 1665 1423 1780 12)
1458 1675 1597 1750 trabere
1622 1679 1667 1751 ad
1693 1681 1860 1753 iudicium
1884 1707 2058 1762 saecu-10

285 1778 378 1872 lare,
420 1781 469 1854 X.
497 1782 540 1852 G.
566 1778 611 1851 de
638 1778 717 1852 l'uro
745 1805 860 1878 comp.
872 1775 910 1872 1,
927 1776 962 1850 Β.
996 1803 1025 1850 c.
1060 1780 1091 1848 si
1117 1774 1413 1874 clericus.5.¹³);
1452 1791 1488 1850 ct
1512 1782 1705 1852 secuudum
1731 1783 1833 1854 istum
1860 1809 2006 1856 consue·

285 1881 442 1954 tudinem
474 1883 669 1980 loquuntur
702 1880 796 1954 decr.
831 1905 909 1954 cum
944 1881 993 1952 sit
1021 1880 1195 1974 gencrale.
1231 1891 1267 1952 ct
1300 1906 1330 1952 c.
1355 1879 1448 1953 licet.
1476 1879 1532 1980 (c.
1546 1877 1583 1952 8.
1612 1881 1673 1956 10.
1700 1885 1747 1956 X.
1774 1882 1868 1979 GR,
1886 1882 1943 1984 t.)
1972 1899 2007 1960 et

283 1983 378 2056 decr.
404 1983 467 2081 (X.
495 1983 555 2080 G.)
581 1982 626 2056 de
651 1981 723 2054 iud.
739 1981 778 2076 Β,
799 1979 834 2054 1.
862 1979 1044 2056 novicis.
1064 1973 1116 2082 11)

387 2085 458 2158 Sed
488 2111 565 2160 cum
601 2086 680 2182 quis
713 2085 835 2157 multia
870 2084 983 2156 modis
1019 2082 1133 2155 sorum
1164 2085 1353 2174 sortiatur,
1390 2095 1430 2154 ut
1457 2086 1504 2156 X.
1530 2087 1573 2158 G.
1598 2086 1643 2159 de
1669 2087 1750 2160 foro
1776 2114 1894 2186 comp.
1911 2086 1951 2182 Β,
1969 2085 2006 2160 2

286 2213 316 2260 c.
343 2187 409 2260 ult.
428 2190 497 2282 ²⁵),
540 2187 765 2260 considerare
791 2185 899 2260 debet
925 2198 1025 2258 actor
1051 2199 1083 2257 ι’
1098 2185 1292 2284 principio,
1332 2187 1369 2256 iu
1395 2211 1468 2284 qno
1499 2186 1579 2260 loro
1605 2191 1719 2285 possit
1746 2215 1843 2261 mum
1871 2190 2007 2262 facilius
2026 2207 2059 2260 15

286 2301 322 2362 et
347 2290 472 2364 melius
498 2290 696 2363 convenire.
747 2293 843 2380 Quot
877 2301 990 2362 autem
1017 2287 1131 2360 modis
1161 2289 1332 2360 sortiatur
1358 2290 1439 2384 quis
1464 2289 1605 2382 sorum,
1640 2291 1744 2388 pleuc
1770 2292 1900 2364 detur
1927 2318 1957 2365 e.
1981 2304 2008 2364 t.

287 2418 321 2466 c.
349 2393 409 2464 liu.
435 2394 471 2464 iu
495 2403 598 2464 textu
621 2403 657 2464 ct
683 2394 720 2464 in
746 2391 818 2485 glo.
897 2393 944 2464 Et
970 2389 1015 2462 de
1040 2387 1108 2462 boc
1135 2389 1264 2462 dicitur
1289 2391 1326 2460 in
1353 2388 1477 2464 libello
1505 2392 1703 2486 Tacendi,
1729 2395 1766 2464 in
1792 2392 1889 2466 rubr.
1917 2419 2008 2488 „cu-

286 2495 367 2588 „ias
396 2493 557 2566 iudicium
585 2506 685 2566 actor
710 2495 806 2566 adire
835 2491 998 2566 debeat.”
1020 2491 1069 2591 111)

390 2595 461 2670 Sed
486 2595 580 2668 l'allit
605 2595 783 2694 praedicta
811 2593 935 2689 regula
949 2592 1017 2692 17),
1054 2593 1150 2694 quod
1177 2604 1278 2696 actor
1301 2592 1421 2666 sorum
1442 2597 1496 2668 rei
1520 2605 1707 2696 sequatur,
1741 2597 1777 2666 iu
1804 2594 1924 2668 multis
1951 2620 2009 2667 ca·

286 2698 407 2791 sibus,
454 2711 494 2770 nt
525 2700 560 2768 in
595 2724 701 2772 causa
736 2697 984 2770 matrimoniali
1016 2708 1053 2769 et
1082 2698 1208 2770 ceteris
1237 2695 1481 2794 spiritualibus
1507 2698 1565 2770 vel
1590 2697 1835 2796 spiritualibus
1861 2699 2007 2771 annexis
2024 2725 2059 2779 no

288 2804 380 2874 etin
406 2799 609 2872 criminibus
636 2799 901 2894 ecclesiasticis,
928 2798 1135 2894 sacrilegio,
1161 2824 1269 2870 usura
1295 2811 1331 2872 et
1356 2799 1520 2896 pluribus
1548 2800 1644 2895 eliis,
1669 2812 1709 2871 ut
1736 2800 1840 2898 plene
1866 2811 2008 2874 uoutur

165 2887 169 2896 ¹
286 2901 429 2974 ibidem.

389 3004 431 3075 ln
464 3027 600 3076 summa
632 3013 796 3096 notetur,
838 3001 937 3102 quod
961 3002 1023 3075 ille
1061 3013 1118 3074 est
1147 3002 1256 3074 iudex
1290 3000 1488 3074 ordinarias
1516 3001 1587 3096 rei,
1628 3004 1666 3074 iu
1700 3004 1796 3076 euius
1828 3001 2007 3076 territorio

288 3102 347 3177 vel
372 3103 527 3178 dioecesi
551 3106 630 3203 ipae
655 3130 739 3180 reue
764 3105 977 3179 domicilium
1002 3101 1120 3178 babet.
1146 3116 1188 3177 ut
1212 3101 1386 3198 (1.15.18)
1415 3130 1452 3202 q.
1468 3101 1505 3174 Β.
1530 3102 1566 3204 §-
1593 3106 1676 3203 quia
1703 3131 1803 3200 ergo.
1822 3099 1894 3211 (ad
1911 3093 2007 3207 es.)

946 3288 1000 3356 Dc
1015 3281 1123 3356 iudi'cc
1139 3287 1293 3355 adeundo
1313 3287 1353 3372 1).
2011 3289 2092 3364 Τ.5.

390 3410 502 3504 Viso,
530 3411 630 3484 onius
655 3410 820 3486 iudicium
846 3423 946 3488 actor
966 3412 1067 3486 adire
1092 3409 1243 3505 debeat,
1271 3408 1460 3504 videamus,
1488 3407 1557 3484 boc
1585 3409 1739 3508 qualiter
1764 3409 1809 3482 de
1834 3411 1910 3483 iure
1934 3409 2009 3505 Βιῑ,

290 3511 673 3614 mmmmm.

334 3871 370 3952 1)
413 3893 439 3934 r.
454 3873 657 3933 canestrum.
674 3868 713 3934 B.
727 3888 792 3936 om.
1185 3871 1267 3953 apr.)
1281 3887 1356 3934 cum
1372 3866 1414 3934 sit
1429 3864 1598 3953 generale,
1614 3875 1650 3931 ut
1663 3875 1755 3932 actor
1768 3862 1877 3934 lorum
1890 3862 1940 3930 rei
1954 3883 2009 3930 se·

332 3972 371 4055 1)
414 3971 526 4036 luuoc.
541 3967 573 4036 3.
1182 3979 1335 4056 amatur.
1350 4005 1391 4018 ·-
1407 3991 1435 4036 c.
1452 3967 1561 4034 ltcet.’'

333 4071 371 4156 3)
414 4070 577 4138 Alexand.
592 4069 624 4138 3.
1228 4069 1287 4148 11)
1329 4070 1420 4138 lstud
1449 4069 1608 4136 Aretiuee
1645 4067 1785 4136 civitatis
1822 4066 2009 4154 exemplum

333 4173 372 4256 4)
414 4181 508 4238 octor.
524 4209 566 4220 -
581 4172 620 4238 Β.
637 4171 810 4240 „sousa”
1182 4173 1331 4239 servavit
1345 4177 1479 4236 Durare.
1493 4193 1541 4251 sp.
1566 4168 1620 4235 lib.
1637 4169 1668 4234 1.
1690 4190 1724 4254 p.
1741 4172 1769 4236 l.
1789 4169 1834 4236 tit.
1859 4171 2008 4236 decess.

334 4275 374 4354 5)
417 4295 446 4358 q.
461 4278 493 4341 6.
511 4309 552 4324 -
567 4273 606 4340 Β.
621 4295 674 4362 aq.
689 4275 792 4341 Vlll.'’
1183 4272 1333 4339 actionis.
1349 4271 1380 4357 §.
1399 4271 1428 4337 1.
1448 4269 1579 4337 nunu&
1602 4280 1635 4336 et
1649 4270 1695 4340 tit.
1711 4273 1754 4336 de
1769 4291 1877 4356 comp.
1892 4271 2009 4338 iudicis
2027 4289 2043 4341 5

334 4374 374 4456 6)
417 4397 446 4459 q.
463 4379 550 4440 1.-
565 4375 604 4440 Β.
620 4377 694 4463 req-’⁹
1185 4375 1339 4442 aditione.
1356 4371 1388 4457 §.
1406 4371 1435 4437 1.
1450 4392 1501 4457 pr.

334 4478 374 4556 7)
416 4476 465 4544 lbi
485 4497 614 4544 summa
634 4479 710 4546 ord.
733 4490 845 4548 nactur
862 4478 971 4549 lorum
992 4483 1045 4548 rei
1061 4502 1115 4550 se·
1227 4474 1287 4557 11)
1330 4477 1460 4538 deteret.
1476 4509 1518 4522 --
1532 4473 1573 4540 B.
1588 4473 1738 4542 „debe”

292 4581 460 4668 „quaten”
1229 4575 1286 4659 13)
1329 4573 1494 4642 Alexand.
1511 4572 1543 4642 3.

333 4680 373 4766 8)
415 4679 579 4748 Alexand.
594 4680 625 4749 3.
1229 4678 1287 4763 14)
1329 4676 1487 4744 tnnoce.

333 4783 372 4868 9)
414 4781 571 4854 innuet.
1230 4777 1287 4862 15)
1332 4778 1474 4866 Gregor.
1488 4778 1521 4848 9.
2029 4801 2061 4855 1⁰

336 4883 393 4970 1⁰)
435 4884 529 4952 Luci.
544 4885 577 4953 3.
1230 4880 1288 4966 16)
1330 4879 1406 4949 Vid.
1425 4885 1636 4968 rampart.
1652 4881 1744 4948 1111.
1761 4881 1790 4948 1.

377 4986 465 5054 istae
486 4987 675 5056 decretales
693 4985 838 5059 sortasse
853 4989 949 5060 aliter
966 4993 1117 5079 digereu·
1230 4979 1287 5068 17)
1328 4989 1436 5067 proed
1450 4988 1569 5067 reputa.
1585 5017 1629 5030 -
1643 4983 1682 5048 B.
1697 4995 1793 5069 apost
1807 4983 1895 5052 dicta
1908 4983 2011 5054 Rea?

294 5089 359 5154 dac
373 5089 455 5155 etin
469 5086 705 5160 buncmodnm
723 5093 912 5180 iungendae
926 5107 1019 5164 suutt
1049 5099 1117 5176 a(c.
1231 5099 1288 5186 18)
1333 5103 1438 5170 (113.
1454 5137 1491 5152 -
1509 5101 1549 5168 B.
1563 5099 1672 5168 „tlt”

295 5210 442 5260 averum.
456 5189 491 5258 in
505 5187 541 5271 s.)
561 5195 710 5280 quaestio
725 5198 768 5263 ab
782 5195 947 5282 imperiali
961 5196 1119 5282 beneple·
1231 5203 1267 5289 1)
1310 5201 1358 5270 lta
1385 5213 1501 5272 noster
1526 5201 1559 5269 h.
1585 5214 1670 5289 part.
1697 5207 1741 5272 tit.
1755 5205 1786 5271 4.
1816 5203 1847 5294 §.
1862 5207 1892 5276 4.
1921 5230 2010 5278 vers.

294 5295 378 5360 ucito
399 5337 455 5360 ...
475 5295 684 5379 terminetur,
714 5301 765 5381 (c.
789 5319 865 5366 cum
886 5303 929 5366 sit
950 5299 1119 5386 generale.
1188 5315 1408 5393 praesentato.
1811 5339 1815 5349 ·
2031 5320 2062 5370 ιι

1733 5391 1809 5468 dl*
