4764 5958
390 574 455 642 361
975 569 1110 637 Gratiae
1126 570 1168 636 de
1180 569 1328 637 indictar.
1344 569 1415 637 ord.
1444 567 1482 635 P.
1497 569 1528 636 Β.

394 792 534 864 semper
559 775 680 862 potest
705 764 797 857 fieri,
835 762 981 834 sienim
1008 761 1139 858 positio
1156 758 1205 859 ⁵⁰)
1234 761 1413 833 contineat
1439 760 1573 858 aliquid
1602 761 1848 833 affirmativum
1876 772 1912 834 et
1928 761 1976 862 ⁵¹)
2005 787 2109 856 nega·

394 872 518 958 tivum,
543 868 593 959 id,
620 866 716 966 qnod
744 877 797 936 cst
820 863 1086 956 nllirmativum,
1115 863 1247 934 directe
1274 861 1418 959 probari
1444 875 1581 959 potest,
1606 876 1642 936 et
1666 876 1765 960 putet
1791 889 1957 960 expresse
1983 867 2020 936 in
2045 866 2109 937 illo

396 997 426 1044 e.
454 967 618 1041 tertio.5.
652 969 696 1040 de
729 963 924 1065 probast,
943 963 1002 1037 19.
1037 977 1072 1036 et
1104 965 1149 1036 de
1183 977 1321 1036 renunt.
1337 962 1418 1056 l,9.
1446 991 1476 1036 c.
1502 990 1617 1062 super.
1630 963 1666 1036 5.
1681 968 1730 1057 ⁵²)
1783 966 1840 1038 Ad
1874 965 2005 1040 decret.
2039 993 2112 1060 „ex

397 1076 577 1166 „tenore”
604 1067 664 1167 (Β,
679 1067 741 1140 90.
770 1065 899 1166 ati.)
928 1069 979 1140 sic
1005 1067 1224 1165 respondeo,
1268 1068 1364 1164 qnod
1397 1065 1446 1136 ibi
1473 1069 1633 1160 negativa
1667 1095 1739 1140 non
1765 1066 1940 1166 probatur
1965 1069 2109 1163 directe,

364 1175 463 1246 ased
493 1174 671 1245 indirecte.
724 1171 826 1262 Quod
857 1171 934 1242 lieri
966 1181 1095 1267 potest.
1146 1167 1183 1239 Si
1224 1172 1314 1240 enirn
1349 1179 1470 1240 contra
1504 1181 1540 1241 te
1574 1168 1793 1267 producatur
1825 1171 2110 1263 instrumentum,

398 1275 493 1375 quod
519 1276 582 1346 tali
608 1274 665 1347 die
691 1273 899 1346 contraxisti
927 1271 1187 1343 matrimonium
1214 1271 1376 1368 Capuae,
1418 1282 1454 1342 et
1480 1269 1613 1368 probas
1642 1299 1721 1345 curn
1746 1272 1912 1366 legitimis
1946 1272 2111 1366 testibus,

398 1391 433 1451 te
463 1378 583 1449 eadem
609 1377 718 1448 fuisse
745 1377 899 1466 Rornae,
944 1375 1076 1471 optime
1110 1370 1243 1467 probas
1271 1375 1488 1466 negativam,
1527 1373 1694 1446 indirecte
1718 1387 1854 1468 tamcn3
1895 1373 2115 1472 impossihile

398 1481 489 1552 enim
514 1490 626 1572 esset,
670 1491 705 1550 te
731 1503 807 1549 esse
836 1476 959 1548 eodem
992 1487 1150 1570 ternpore
1176 1476 1318 1572 Capuae
1345 1486 1380 1546 et
1406 1476 1559 1570 Romae,
1602 1490 1636 1548 et
1661 1478 1740 1549 ideo
1767 1489 1869 1548 caute
1893 1478 2035 1550 locutus
2062 1488 2115 1549 est

397 1584 626 1654 innocentius
660 1582 696 1650 in
730 1579 879 1652 coneilio
911 1603 941 1650 c.
976 1578 1151 1675 quonium.
1165 1573 1224 1646 ll.
1258 1575 1329 1671 (X.
1358 1573 1422 1674 G.)
1458 1576 1502 1648 de
1530 1576 1723 1675 probati,
1743 1576 1801 1650 19.
1818 1581 1889 1671 ⁵³),
1926 1579 1986 1650 ubi
2013 1579 2113 1651 dicit:

351 1702 382 1755 to
400 1685 558 1776 negantis
583 1683 715 1752 factum
739 1681 833 1752 nulla
859 1692 913 1751 est
941 1677 1107 1776 probatio
1130 1677 1284 1770 directa,
1310 1704 1382 1750 non
1406 1678 1490 1751 dicit
1514 1681 1720 1776 simpliciter
1734 1681 1803 1778 ⁵⁴):
1833 1681 1957 1774 „nulla
1982 1679 2114 1779 proba·

400 1787 515 1879 „tio”,
539 1784 601 1857 sed
628 1783 741 1855 addit:
783 1781 987 1877 „directa,”
1011 1791 1050 1850 ut
1075 1780 1175 1852 daret
1199 1779 1413 1875 intelligere,
1453 1781 1548 1880 quod
1573 1786 1734 1877 negativa
1762 1784 1933 1856 indirecte
1949 1783 1996 1876 ⁵⁵)
2025 1806 2115 1880 opus

400 1900 455 1960 est
506 1884 643 1958 robare.

479 1915 610 2080 pltcm,
651 1989 681 2057 si
708 2011 787 2060 reus
813 1984 922 2058 semel
955 2008 1061 2081 super
1089 1983 1314 2056 consessione
1345 1983 1587 2080 responderit,
1626 2011 1698 2058 non
1728 1985 1835 2060 debet
1860 2013 1971 2086 super
1998 1985 2118 2060 eadem

401 2093 526 2163 iterum
551 2090 779 2182 interrogari,
804 2099 840 2160 et
866 2100 921 2158 est
946 2088 1058 2158 ratio:
1085 2111 1165 2156 nam
1192 2087 1222 2156 si
1244 2085 1354 2158 semel
1380 2086 1564 2158 consessus
1593 2100 1660 2180 est,
1688 2089 1731 2160 ad
1759 2089 1841 2187 qnid
1868 2090 1984 2162 denuo
2011 2113 2116 2187 qnae·

352 2193 563 2264 ureretur?
590 2205 626 2264 et
651 2192 742 2262 idem
758 2188 808 2288 56)
835 2190 950 2281 dicas,
978 2190 1009 2258 si
1035 2189 1173 2281 negavit
1186 2190 1256 2284 ⁵⁷),
1289 2190 1371 2285 quia
1399 2213 1472 2260 non
1497 2187 1602 2261 debet
1628 2192 1756 2262 iterum
1783 2193 1905 2289 quaeri
1931 2191 1977 2264 ab
2004 2217 2046 2263 eo
2074 2191 2119 2262 de

401 2295 464 2366 illo
493 2295 657 2386 articulo,
702 2319 746 2364 ne
763 2293 812 2390 ⁵⁸)
845 2290 992 2364 dicendo
1027 2291 1237 2363 eontrarium
1273 2290 1404 2362 incidat
1439 2293 1475 2361 in
1505 2292 1696 2388 periurium
1723 2294 1780 2366 vel
1799 2295 1848 2386 ⁵⁹)
1877 2294 2002 2365 saltem
2028 2295 2116 2364 inla-

400 2398 506 2466 miam
534 2396 630 2489 vulgi
647 2396 717 2491 ⁶⁰),
759 2419 874 2491 aquo
900 2393 1054 2489 periurio
1081 2391 1212 2464 debent
1225 2390 1273 2490 61)
1299 2393 1433 2464 iudices
1461 2406 1578 2490 partes
1609 2396 1806 2489 custodire,
1851 2397 1898 2468 X.
1925 2399 1968 2468 G.
1987 2396 2038 2468 de
2066 2398 2118 2466 in·

402 2499 508 2568 reiur.
525 2495 563 2590 Β,
580 2496 642 2569 91.
671 2524 700 2569 c.
726 2497 756 2566 si
784 2521 878 2566 vero.
892 2494 928 2567 8.
956 2506 993 2566 et
1018 2494 1062 2566 dc
1088 2491 1249 2586 tostini,
1262 2491 1326 2565 110.
1353 2519 1384 2565 e.
1411 2520 1490 2566 cum
1516 2507 1566 2567 tu.
1585 2494 1643 2568 16.
1657 2498 1727 2593 ⁶²),
1753 2500 1837 2596 qnia
1853 2498 2000 2569 multum
2016 2523 2117 2595 prae·

403 2601 557 2671 sumitur
585 2612 707 2671 contra
731 2624 832 2690 enm,
859 2598 922 2696 qui
946 2597 1039 2668 varie
1067 2597 1104 2666 in
1129 2596 1258 2670 indicio
1284 2597 1487 2693 respondet.
1514 2607 1555 2668 ut
1581 2599 1628 2668 X.
1654 2602 1696 2671 G.
1711 2599 1759 2694 ⁸3)
1786 2597 1831 2672 de
1857 2597 2041 2697 probati,
2059 2595 2117 2671 19.

739 2699 771 2752 64

319 2727 436 2896 §.Y
464 2727 542 2902 Peg.
556 2710 646 2890 1558
658 2699 830 2900 didimion·
842 2799 973 2893 videre,
1001 2823 1091 2896 quas
1106 2799 1300 2896 positiones
1316 2798 1423 2872 index
1437 2801 1621 2874 admittere
1635 2801 1773 2875 debeat.
1826 2803 2011 2876 Sciendum
2027 2805 2118 2877 enim

404 2918 478 2997 est,
503 2903 601 3004 quod
625 2906 668 2977 ad
690 2927 948 3002 quamcumque
974 2903 1185 2998 positionem
1213 2927 1297 2997 pars
1325 2928 1398 2974 non
1423 2904 1637 2999 respondere
1661 2909 1799 2998 cogitur
1824 2907 1869 2979 de
1894 2910 1992 2998 iure,
2024 2906 2120 2977 illam

403 3008 510 3079 index
536 3033 607 3080 non
631 3018 772 3079 tenetur
797 3004 991 3076 admittere.
1043 3003 1115 3075 Sed
1141 3005 1245 3100 quid,
1282 3005 1313 3074 si
1341 3029 1423 3101 pars
1450 3006 1538 3078 adeo
1564 3007 1610 3079 sit
1634 3008 1802 3104 simplex,
1843 3010 1938 3106 quod
1966 3034 2036 3080 non
2062 3034 2121 3080 co·

405 3112 543 3203 gnoscit
577 3111 787 3206 positionem
824 3105 1073 3178 admittendam
1106 3105 1163 3176 vel
1197 3106 1451 3202 respuendam,
1494 3108 1666 3206 numquid
1700 3111 1806 3181 iudex
1832 3111 2018 3210 compellet
2046 3136 2122 3183 earn

356 3213 619 3309 etrespondere
650 3211 765 3282 inutili
797 3209 965 3305 positioni
979 3207 1054 3297 66))
1106 3207 1212 3279 Certe
1247 3233 1337 3302 non,
1379 3211 1450 3281 imo
1482 3209 1631 3306 repellat
1673 3225 1862 3308 ponentem
1890 3238 1955 3285 suo
1989 3213 2120 3303 ol'licio,

405 3316 496 3386 sicut
522 3315 638 3386 lacere
663 3311 769 3386 debet
795 3311 837 3382 de
864 3309 986 3383 libello
1014 3312 1131 3405 inepte
1157 3318 1193 3380 et
1219 3309 1309 3382 male
1336 3311 1508 3401 formato,
1544 3337 1645 3410 quem
1673 3339 1739 3386 suo
1766 3315 1887 3386 cilicio
1914 3312 2020 3386 debet
2043 3315 2122 3386 reii-

407 3439 507 3508 cere,
533 3417 604 3488 imo
632 3412 822 3487 secundnm
849 3413 946 3508 leges
971 3409 1137 3484 dentibus
1163 3411 1332 3484 scindere.
1358 3424 1399 3485 nt
1423 3409 1516 3485 (1.9.
1542 3439 1578 3512 q.
1588 3411 1624 3487 8.
1633 3416 1685 3514 ⁶⁷)
1711 3443 1741 3488 c.
1771 3417 1837 3490 ult.
1865 3415 1956 3514 (pt.
1980 3414 2059 3515 §.2
2085 3417 2121 3486 in

408 3519 450 3610 f.)
467 3517 515 3609 68)

449 3771 508 3858 56)
548 3780 669 3856 positio.
686 3809 727 3820 -
742 3771 780 3836 Β.
796 3769 964 3854 „petitio”
1301 3765 1373 3832 Nec
1388 3768 1502 3850 video,
1518 3768 1596 3855 qnid
1611 3777 1688 3854 apte
1704 3767 1967 3835 substituendum
1981 3771 2034 3838 sit.

449 3873 511 3954 51)
553 3873 702 3940 ec-B,
718 3869 808 3956 „nl.”
825 3869 922 3946 (vel.)
1343 3867 1404 3948 64)
1447 3867 1557 3936 lnnoe.
1573 3868 1605 3934 3.

451 3975 515 4059 56)
557 3973 717 4062 papate.
731 3969 883 4041 vers.30.
898 3969 950 4039 32.
967 3967 1018 4037 Gi.
1033 3969 1137 4036 Glorr.
1155 3969 1187 4036 in
1200 3990 1234 4038 v.
1343 3971 1401 4056 65)
1444 3969 1482 4034 Β.
1497 3972 1598 4036 inser.
1631 3970 1746 4046 „Quas
1760 3971 1942 4056 positiones
1961 3976 2061 4042 iudex
2075 3975 2123 4044 fa·

408 4087 518 4164 negat.
1302 4091 1399 4138 rcere
1415 4075 1556 4154 potest.”

377 4187 393 4238 a
452 4177 514 4263 53)
558 4176 608 4244 Ci.
624 4199 699 4261 sup.
713 4185 779 4244 not.
795 4175 846 4242 19.
1345 4168 1404 4257 66)
1446 4179 1549 4238 inutili
1563 4175 1668 4255 (siret
1683 4173 1755 4257 tali)
1766 4182 1972 4258 pom'ttonia-
1985 4177 2024 4246 Β.
2039 4181 2126 4248 nntili

451 4281 513 4362 54)
555 4283 744 4362 simpliciter.
762 4313 798 4326 -·
816 4277 854 4341 Β.
868 4276 1064 4362 „simplici”
1306 4275 1502 4360 „petitioni”

452 4381 516 4464 55)
557 4378 809 4446 indirecta-B.
824 4370 872 4462 »ξ
887 4379 1045 4446 directe.”
1061 4379 1174 4456 (etiem
1189 4377 1235 4444 di·
1345 4377 1404 4461 67)
1446 4399 1474 4462 ι).
1491 4381 1524 4444 8.
1540 4377 1631 4444 -Β.
1648 4399 1698 4464 sq.
1714 4378 1789 4444 lX.”
1866 4431 1871 4442 .

410 4477 536 4560 recte.)
1345 4479 1405 4562 68)
1447 4477 1487 4544 Β.
1513 4481 1587 4545 add.
1617 4479 1679 4546 nli.
1702 4479 1742 4545 G.
1771 4481 1814 4546 de
1833 4485 2063 4568 except-w
2097 4508 2126 4553 c.

453 4585 512 4669 56)
554 4589 642 4648 idme
658 4617 699 4632 ··-
719 4581 757 4648 Β.
774 4582 891 4650 „td’n”
1305 4581 1653 4665 »exceptionem.12.”
1683 4579 1844 4667 (Gregor.
1864 4585 1914 4664 9.)
1944 4585 2009 4652 „Ut
2028 4589 2128 4654 index

366 4706 398 4758 ro
456 4687 518 4768 57)
560 4691 690 4768 necavit.
705 4719 748 4730 -
761 4683 798 4749 Β.
816 4685 1046 4770 „nenegant”
1305 4701 1388 4749 „sno
1418 4681 1528 4750 officio
1557 4681 1690 4767 repellit
1724 4685 2038 4754 excommunicatum
2068 4711 2127 4774 pn·

404 4855 411 4868 ,
454 4789 513 4874 58)
555 4785 841 4856 tta-moneo?
1305 4783 1430 4865 setes,
1458 4805 1480 4850 a
1500 4785 1595 4851 simili
1622 4784 1738 4852 lacere
1767 4787 1866 4852 debet
1891 4789 1932 4853 de
1961 4790 2127 4858 inutilibus

436 4891 513 4980 ,59)
555 4895 611 4956 net.
626 4925 667 4938 -
680 4887 719 4953 B.
736 4893 819 4953 „ut”
1305 4889 1543 4974 „positionibus
1571 4886 1625 4954 vel
1655 4885 1923 4955 confessionibus
1952 4889 2051 4958 lactis
2072 4913 2152 4959 ου·-

454 4994 514 5078 60)
559 4991 610 5060 Cf.
629 4995 736 5056 Tartar.
755 4987 919 5074 pagens.
940 5007 1029 5056 vers.
1047 4987 1097 5054 15.
1118 4999 1237 5076 etseq.
1306 5011 1396 5056 nram
1412 4990 1483 5054 eo.”
1505 5025 1545 5038 -
1567 4989 1691 5056 Vernm
1710 4987 1837 5056 hancce
1853 4993 2130 5062 adnotationema

455 5097 514 5179 61)
558 5098 674 5158 dotent.
690 5127 731 5138 —
744 5089 784 5155 B.
799 5091 905 5170 ,‚d’r.”
1306 5092 1450 5174 genuino
1473 5102 1627 5156 contextu
1649 5090 1792 5158 alienam
1811 5111 1890 5159 esse
1912 5113 1951 5160 ex
1967 5093 2041 5180 ipsa
2056 5101 2128 5164 eius

456 5199 515 5279 62)
559 5202 762 5260 amimae.
778 5189 1127 5258 consultissimae.
1241 5208 1245 5218 ¹
1304 5187 1414 5260 iorrna
1427 5190 1547 5260 elucet.

365 5313 396 5362 ιιι
455 5300 514 5382 63)
558 5297 596 5362 Β.
612 5295 761 5377 add.„de
776 5303 873 5360 etate.
890 5300 932 5358 eri
947 5293 1087 5360 dilecti.”
1101 5292 1238 5362 Vitiosa.
